%% This BibTeX bibliography file was created using BibDesk.
%% http://bibdesk.sourceforge.net/


%% Created for Vladimir Kim at 2014-09-17 08:26:37 -0700


%% Saved with string encoding Unicode (UTF-8)


@string{cgf = {Computer Graphics Forum}}

@string{cgf_eg = {Computer Graphics Forum}}

@string{cgf_ev = {Computer Graphics Forum}}

@string{cgf_sgp = {Computer Graphics Forum}}

@string{crv = {Proc. Canadian Conf. on Computer and Robot Vision}}

@string{cvpr = {Proc. CVPR}}

@string{eccv = {Proc. ECCV}}

@string{fgr = {Proc. IEEE Conf. Automatic Face and Gesture Recognition}}

@string{i3d = {Proc. I3D}}

@string{icassp = {Proc. Int. Conf. on Acoustics, Speech and Signal Processing}}

@string{iccv = {Proc. ICCV}}

@string{icpr = {Proc. Int. Conf. on Pat. Rec.}}

@string{icra = {Proc. IEEE Int. Conf. on Rob. and Auto.}}

@string{ijcv = {Int. J. Comp. Vis.}}

@string{nips = {Proc. NIPS}}

@string{pami = {IEEE Trans. Pat. Ana. \& Mach. Int.}}

@string{sgp = {Proc. Symp. on Geom. Proc.}}

@string{siggraph = {Proc. of SIGGRAPH}}

@string{smi = {Proc. SMI}}

@string{tkdd = {ACM Trans. Knowl. Disc. from Data}}

@string{tog = {ACM Trans. Graph.}}

@string{tog_sig = {ACM Trans. Graph.}}

@string{tog_siga = {ACM Trans. Graph.}}

@string{tvc = {Visual Computer}}

@string{tvcg = {IEEE Trans. Vis. \& Comp. Graphics}}


@article{Snavely:2006:PTE,
	Author = {Snavely, Noah and Seitz, Steven M. and Szeliski, Richard},
	Issn = {0730-0301},
	Journal = TOG_SIG,
	Number = {3},
	Pages = {835--846},
	Title = {Photo Tourism: Exploring Photo Collections in 3D},
	Volume = {25},
	Year = {2006}}

@article{Ceylan:2014:CSS,
	Author = {Ceylan, Duygu and Mitra, Niloy J. and Zheng, Youyi and Pauly, Mark},
	Journal = TOG,
	Number = {1},
	Pages = {2:1--2:15},
	Title = {Coupled Structure-from-motion and 3D Symmetry Detection for Urban Facades},
	Volume = {33},
	Year = {2014}}

@article{Golovinskiy:2009:CS,
	Author = {Aleksey Golovinskiy and Thomas A. Funkhouser},
	Journal = {Computers {\&} Graphics},
	Number = {3},
	Pages = {262-269},
	Title = {Consistent segmentation of 3D models},
	Volume = {33},
	Year = {2009}}

@article{Huang:2011:JSS,
	Author = {Qixing Huang and Vladlen Koltun and Leonidas Guibas},
	Journal = TOG_SIGA,
	Number = {6},
	Pages = {125:1--125:12},
	Title = {Joint Shape Segmentation Using Linear Programming},
	Volume = {30},
	Year = {2011}}

@inproceedings{SCAPE:2005,
	Author = {Anguelov, Dragomir and Srinivasan, Praveen and Koller, Daphne and Thrun, Sebastian and Rodgers, Jim and Davis, James},
	Booktitle = SIGGRAPH,
	Pages = {408--416},
	Title = {SCAPE: shape completion and animation of people},
	Year = {2005}}

@article{Zhou:2010:PRH,
	Author = {Zhou, Shizhe and Fu, Hongbo and Liu, Ligang and Cohen-Or, Daniel and Han, Xiaoguang},
	Journal = TOG_SIG,
	Number = {4},
	Pages = {126:1--126:10},
	Title = {Parametric Reshaping of Human Bodies in Images},
	Volume = {29},
	Year = {2010}}

@book{Bronstein:2008:NGN,
	Author = {Bronstein, Alexander and Bronstein, Michael and Kimmel, Ron},
	Edition = {1},
	Isbn = {0387733000, 9780387733005},
	Publisher = {Springer Publishing Company, Incorporated},
	Title = {Numerical Geometry of Non-Rigid Shapes},
	Year = {2008}}

@inproceedings{Leordeanu:2005:SM,
	Author = {Leordeanu, Marius and Hebert, Martial},
	Isbn = {0-7695-2334-X-02},
	Numpages = {8},
	Pages = {1482--1489},
	Series = {ICCV '05},
	Title = {A Spectral Technique for Correspondence Problems Using Pairwise Constraints},
	Year = {2005}}

@article{Lipman:2009:MVC,
	Author = {Lipman, Yaron and Funkhouser, Thomas},
	Date-Modified = {2014-09-17 15:22:30 +0000},
	Journal = {ACM Trans. Graph.},
	Number = {3},
	Title = {Mobius voting for surface correspondence},
	Volume = {28},
	Year = {2009}}

@article{van-Kaick:2010:SSC,
	Author = {Oliver van Kaick and Hao Zhang and Ghassan Hamarneh and Daniel Cohen-Or},
	Bibsource = {DBLP, http://dblp.uni-trier.de},
	Ee = {http://dx.doi.org/10.1111/j.1467-8659.2011.01884.x},
	Journal = {Comput. Graph. Forum},
	Number = {6},
	Pages = {1681-1707},
	Title = {A Survey on Shape Correspondence},
	Volume = {30},
	Year = {2011}}

@article{Kin-Chung:2010:EVC,
	Author = {Kin-Chung Au, Oscar and Tai, Chiew-Lan and Cohen-Or, Daniel and Zheng, Youyi and Fu, Hongbo},
	Journal = cgf,
	Number = {2},
	Pages = {645--654},
	Title = {Electors voting for fast automatic shape correspondence},
	Volume = {29},
	Year = {2010}}

@article{Ovsjanikov:2010:OPM,
	Author = {Ovsjanikov, Maks and M{\'e}rigot, Quentin and M{\'e}moli, Facundo and Guibas, Leonidas J.},
	Journal = cgf,
	Number = {5},
	Pages = {1555--1564},
	Title = {One Point Isometric Matching with the Heat Kernel},
	Volume = {29},
	Year = {2010}}

@article{Kim:2011:BIM,
	Author = {Kim, Vladimir G. and Lipman, Yaron and Funkhouser, Thomas},
	Journal = {ACM Trans. Graph.},
	Number = {4},
	Pages = {79:1--79:12},
	Title = {Blended intrinsic maps},
	Volume = {30},
	Year = {2011}}

@article{Ovsjanikov:2012:FMF,
	Author = {Ovsjanikov, Maks and Ben-Chen, Mirela and Solomon, Justin and Butscher, Adrian and Guibas, Leonidas},
	Journal = {ACM Trans. Graph.},
	Number = {4},
	Pages = {30:1--30:11},
	Title = {Functional Maps: A Flexible Representation of Maps Between Shapes},
	Volume = {31},
	Year = {2012}}

@article{Kim:2013:LPT,
	Author = {Kim, Vladimir G. and Li, Wilmot and Mitra, Niloy J. and Chaudhuri, Siddhartha and DiVerdi, Stephen and Funkhouser, Thomas},
	Journal = {ACM Trans. Graph.},
	Number = {4},
	Pages = {70:1--70:12},
	Title = {Learning part-based templates from large collections of 3{D} shapes},
	Volume = {32},
	Year = {2013}}

@phdthesis{Huber:2002:Thesis,
	Address = {Pittsburgh, PA},
	Author = {Daniel Huber},
	Number = {CMU-RI-TR-02-35},
	School = {Robotics Institute, Carnegie Mellon University},
	Title = {Automatic Three-dimensional Modeling from Reality},
	Year = {2002}}

@article{Goldberg:2004:GAA,
	Author = {Goldberg, David and Malon, Christopher and Bern, Marshall},
	Issue = {2-3},
	Journal = {Comput. Geom. Theory Appl.},
	Pages = {165--174},
	Title = {A global approach to automatic solution of jigsaw puzzles},
	Volume = {28},
	Year = {2004}}

@article{Huang:2006:RFO,
	Author = {Huang, Qixing and Fl\"{o}ry, Simon and Gelfand, Natasha and Hofer, Michael and Pottmann, Helmut},
	Journal = {ACM Trans. Graph.},
	Number = {3},
	Pages = {569-578},
	Title = {Reassembling fractured objects by geometric matching},
	Volume = {25},
	Year = {2006}}

@article{Marande:2007:DNA,
	Author = {William Marande and Gertraud Burger},
	Journal = {Science},
	Pages = {415},
	Title = {Mitochondrial DNA as a Genomic Jigsaw Puzzle},
	Volume = {318},
	Year = {2007}}

@inproceedings{Zach:2010:DVR,
	Author = {Christopher Zach and Manfred Klopschitz and Manfred Pollefeys},
	Bibsource = {DBLP, http://dblp.uni-trier.de},
	Booktitle = CVPR,
	Ee = {http://dx.doi.org/10.1109/CVPR.2010.5539801},
	Title = {Disambiguating visual relations using loop constraints},
	Year = {2010}}

@inproceedings{Roberts:2011:SFM,
	Author = {Richard Roberts and Sudipta N. Sinha and Richard Szeliski and Drew Steedly},
	Bibsource = {DBLP, http://dblp.uni-trier.de},
	Booktitle = CVPR,
	Ee = {http://dx.doi.org/10.1109/CVPR.2011.5995549},
	Pages = {3137-3144},
	Title = {Structure from motion for scenes with large duplicate structures},
	Year = {2011}}

@article{Nguyen:2011:CSM,
	Author = {A. Nguyen and M. Ben-Chen and K. Welnicka and Y. Ye and L. Guibas},
	Journal = cgf,
	Number = {5},
	Pages = {1481-1491},
	Title = {An Optimization Approach to Improving Collections of Shape Maps},
	Volume = {30},
	Year = {2011}}

@inproceedings{Cho:2010:JPS,
	Author = {Taeg Sang Cho and Shai Avidan and William T. Freeman},
	Bibsource = {DBLP, http://dblp.uni-trier.de},
	Booktitle = CVPR,
	Ee = {http://dx.doi.org/10.1109/CVPR.2010.5540212},
	Pages = {183-190},
	Title = {A probabilistic image jigsaw puzzle solver},
	Year = {2010}}

@article{Cho:2010:TPT,
	Author = {Taeg Sang Cho and Shai Avidan and William T. Freeman},
	Bibsource = {DBLP, http://dblp.uni-trier.de},
	Ee = {http://doi.ieeecomputersociety.org/10.1109/TPAMI.2009.133},
	Journal = {IEEE Trans. Pattern Anal. Mach. Intell.},
	Number = {8},
	Pages = {1489-1501},
	Title = {The Patch Transform},
	Volume = {32},
	Year = {2010}}

@inproceedings{Crandall:2011:DOL,
	Author = {Crandall, D. and Owens, A. and Snavely, N. and Huttenlocher, D.},
	Pages = {3001--3008},
	Series = {CVPR '11},
	Title = {Discrete-continuous optimization for large-scale structure from motion},
	Year = {2011}}

@article{Huang:2012:OAE,
	Author = {Huang, Qixing and Zhang, Guo-Xin and Gao, Lin and Hu, Shi-Min and Butscher, Adrian and Guibas, Leonidas},
	Journal = TOG_SIGA,
	Number = {6},
	Pages = {167:1--167:11},
	Title = {An optimization approach for extracting and encoding consistent maps in a shape collection},
	Volume = {31},
	Year = {2012}}

@inproceedings{Coifman:2005:DIS,
	Author = {R. R. Coifman and S. Lafon and A. B. Lee and M. Maggioni and F. Warner and S. Zucker},
	Booktitle = {PNAS},
	Pages = {7426--7431},
	Title = {Geometric diffusions as a tool for harmonic analysis and structure definition of data: Diffusion maps},
	Year = {2005}}

@misc{Singer:2011:VDM,
	Author = {Amit Singer and Hau-Tieng Wu},
	Title = {Vector Diffusion Maps and the Connection Laplacian},
	Url = {http://www.citebase.org/abstract?id=oai:arXiv.org:1102.0075},
	Year = {2011},
	Bdsk-Url-1 = {http://www.citebase.org/abstract?id=oai:arXiv.org:1102.0075}}

@article{Kim:2012:FC,
	Author = {Kim, Vladimir G. and Li, Wilmot and Mitra, Niloy J. and DiVerdi, Stephen and Funkhouser, Thomas},
	Journal = {ACM Trans. Graph.},
	Number = {4},
	Pages = {54:1--54:11},
	Title = {Exploring collections of 3{D} models using fuzzy correspondences},
	Volume = {31},
	Year = {2012}}

@book{Barrett:1996:PDC,
	Author = {Wayne W. Barrett and Charles R. Johnson and Raphael Loewy},
	Publisher = {Amer Mathematical Society},
	Title = {The Real Positive Definite Completion Problem: Cycle Completability},
	Year = {1996}}

@article{journals/corr/abs-1211-2441,
	Added-At = {2012-12-01T00:00:00.000+0100},
	Author = {Wang, Lanhui and Singer, Amit},
	Journal = {Information and Inference},
	Keywords = {dblp},
	Number = {2},
	Pages = {145-193},
	Title = {Exact and Stable Recovery of Rotations for Robust Synchronization},
	Volume = {2},
	Year = {2013}}

@article{Huang:2013:SDP,
	Author = {Qixing Huang and Leonidas Guibas},
	Journal = {Computer Graphics Forum (SGP)},
	Number = {5},
	Pages = {177-186},
	Title = {Consistent Shape Maps via Semidefinite Programming},
	Volume = {32},
	Year = {2013}}

@article{Chen:2014:SDP,
	Author = {Yuxin Chen and Leonidas J. Guibas and Qi-Xing Huang},
	Bibsource = {DBLP, http://dblp.uni-trier.de},
	Ee = {http://arxiv.org/abs/1402.1473},
	Journal = {CoRR},
	Title = {Near-Optimal Joint Object Matching via Convex Relaxation},
	Volume = {abs/1402.1473},
	Year = {2014}}

@article{Huang:2014:FMN,
	Author = {Huang, Qixing and Wang, Fan and Guibas, Leonidas},
	Date-Modified = {2014-09-17 15:26:37 +0000},
	Journal = TOG_SIG,
	Number = {4},
	Title = {Functional Map Networks for Analyzing and Exploring Large Shape Collections},
	Volume = {33},
	Year = {2014}}

@article{Fiedler1973,
	Added-At = {2009-07-23T11:23:30.000+0200},
	Author = {Fiedler, Miroslav},
	Journal = {Czechoslovak Mathematical Journal},
	Keywords = {Graph Theorie algebra fiedler ordering},
	Pages = {298--305},
	Title = {Algebraic {C}onnectivity of {G}raphs},
	Volume = {23},
	Year = {1973}}

@article{Chung:2003:SRG,
	Author = {Fan R. K. Chung and Linyuan Lu and Van H. Vu},
	Bibsource = {DBLP, http://dblp.uni-trier.de},
	Ee = {http://dx.doi.org/10.1080/15427951.2004.10129089},
	Journal = {Internet Mathematics},
	Number = {3},
	Pages = {257-275},
	Title = {The Spectra of Random Graphs with Given Expected Degrees},
	Volume = {1},
	Year = {2003}}

@article{Ding:2010:SDL,
	Author = {Xue Ding and Tiefeng Jiang},
	Journal = {Annals of Applied Probability},
	Pages = {2086-2117},
	Title = {Spectral distributions of adjacency and Laplacian matrices of random graphs},
	Volume = {20(6)},
	Year = {2010}}

@book{Boyd:2004:BOOK,
	Author = {Boyd, Stephen and Vandenberghe, Lieven},
	Isbn = {0521833787},
	Publisher = {Cambridge University Press},
	Title = {Convex Optimization},
	Year = {2004}}

@article{Candes:2006:CS,
	Author = {Cand{\`e}s, Emmanuel J. and Romberg, Justin and Tao, Terence},
	Journal = {IEEE Transactions on Information Theory},
	Keywords = {compressed.sensing},
	Number = {2},
	Pages = {489-509},
	Title = {Robust uncertainty principles: exact signal reconstruction from highly incomplete frequency information},
	Volume = {52},
	Year = {2006}}

@article{Yuan:2006:Lasso,
	Author = {Ming Yuan and Yi Lin},
	Journal = {Journal of the Royal Statistical Society, Series B},
	Pages = {49--67},
	Title = {Model selection and estimation in regression with grouped variables},
	Volume = {68},
	Year = {2006}}

@article{Candes:2009:EMC,
	Author = {Cand\`{e}s, Emmanuel J. and Recht, Benjamin},
	Issn = {1615-3375},
	Issue_Date = {December 2009},
	Journal = {Found. Comput. Math.},
	Number = {6},
	Numpages = {56},
	Pages = {717--772},
	Title = {Exact Matrix Completion via Convex Optimization},
	Volume = {9},
	Year = {2009}}

@misc{Grant:2009:CVX,
	Author = {Michael Grant and Stephen Boyd},
	Note = {\url{http://www.stanford.edu/~boyd/cvx/}},
	Title = {{CVX}: Matlab Software for Disciplined Convex Programming},
	Year = {2011}}

@article{Wen:2010:ADALM,
	Author = {Wen, Zaiwen and Goldfarb, Donald and Yin, Wotao},
	Journal = {Math. Prog. Comput.},
	Number = {3-4},
	Pages = {203--230},
	Publisher = {Springer},
	Title = {Alternating direction augmented {L}agrangian methods for semidefinite programming},
	Volume = {2},
	Year = {2010}}

@article{Lin:2011:ALM,
	Author = {Lin, Zhouchen and Chen, Minming and Ma, Yi},
	Eprint = {1009.5055},
	Keywords = {computer\_vision, machine\_learning},
	Title = {The Augmented {L}agrange Multiplier Method for Exact Recovery of Corrupted Low-Rank Matrices},
	Url = {http://arxiv.org/abs/1009.5055},
	Year = {2011},
	Bdsk-Url-1 = {http://arxiv.org/abs/1009.5055}}

@article{Candes:2011:RPC,
	Articleno = {11},
	Author = {Cand\`{e}s, Emmanuel J. and Li, Xiaodong and Ma, Yi and Wright, John},
	Issn = {0004-5411},
	Issue_Date = {May 2011},
	Journal = {J. ACM},
	Number = {3},
	Numpages = {37},
	Pages = {11:1--11:37},
	Title = {Robust principal component analysis?},
	Volume = {58},
	Year = {2011}}

@article{Boyd:2011:DOS1,
	Author = {Boyd, Stephen and Parikh, Neal and Chu, Eric and Peleato, Borja and Eckstein, Jonathan},
	Issn = {1935-8237},
	Issue_Date = {January 2011},
	Journal = {Found. Trends Mach. Learn.},
	Number = {1},
	Numpages = {122},
	Pages = {1--122},
	Title = {Distributed Optimization and Statistical Learning via the Alternating Direction Method of Multipliers},
	Volume = {3},
	Year = {2011}}

@article{Candes:2011:TOI,
	Author = {Candes, E. J. and Plan, Y.},
	Journal = {IEEE Trans. Inf. Theor.},
	Number = {4},
	Pages = {2342--2359},
	Title = {Tight Oracle Inequalities for Low-Rank Matrix Recovery From a Minimal Number of Noisy Random Measurements},
	Volume = {57},
	Year = {2011}}

@inproceedings{ilog:2011,
	Author = {IBM},
	Publisher = {http://www-01.ibm.com/software/integration/optimization/cplex-optimization-studio/},
	Title = {IBM ILOG CPLEX Optimization Studio},
	Year = {2011}}

@article{Chen:1992:NDF,
	Acmid = {138633},
	Address = {Newton, MA, USA},
	Author = {Chen, Yang and Medioni, G\'{e}rard},
	Doi = {10.1016/0262-8856(92)90066-C},
	Issn = {0262-8856},
	Issue = {3},
	Journal = {Image Vision Comput.},
	Keywords = {3D surface registration, object modelling, range image registration},
	Numpages = {11},
	Pages = {145--155},
	Publisher = {Butterworth-Heinemann},
	Title = {Object modelling by registration of multiple range images},
	Url = {http://dl.acm.org/citation.cfm?id=138628.138633},
	Volume = {10},
	Year = {1992},
	Bdsk-Url-1 = {http://dl.acm.org/citation.cfm?id=138628.138633},
	Bdsk-Url-2 = {http://dx.doi.org/10.1016/0262-8856(92)90066-C}}

@article{Brown:2007:GNA,
	Author = {Benedict Brown and Szymon Rusinkiewicz},
	Journal = TOG_SIG,
	Number = {3},
	Title = {Global Non-Rigid Alignment of {3-D} Scans},
	Volume = {26},
	Year = {2007}}

@inproceedings{Huang:2007:BSR,
	Author = {Huang, Qi-Xing and Adams, Bart and Wand, Michael},
	Booktitle = SGP,
	Pages = {213--223},
	Series = {SGP '07},
	Title = {Bayesian surface reconstruction via iterative scan alignment to an optimized prototype},
	Year = {2007}}

@inproceedings{Huang:2010:ALM,
	Author = {Qi-Xing Huang and Dragomir Anguelov},
	Bibsource = {DBLP, http://dblp.uni-trier.de},
	Booktitle = {IEEE International Conference on Robotics and Automation, ICRA 2010, Anchorage, Alaska, USA, 3-7 May 2010},
	Ee = {http://dx.doi.org/10.1109/ROBOT.2010.5509460},
	Pages = {1353-1360},
	Title = {High quality pose estimation by aligning multiple scans to a latent map},
	Year = {2010}}

@inproceeding{cg-ssrmrf-14,
	Author = {Qixing Huang and Yuxin Chen and Leonidas J. Guibas},
	Booktitle = {International Conference on Machine Learning},
	Title = {Scalable Semidefinite Relaxation for Maximum A Posterior Estimation},
	Year = {2014}}

@inproceedings{conf/nips/PachauriKS13,
	Author = {Pachauri, Deepti and Kondor, Risi and Singh, Vikas},
	Booktitle = NIPS,
	Pages = {1860-1868},
	Title = {Solving the multi-way matching problem by permutation synchronization.},
	Year = {2013}}

@inproceedings{Pauly:2005:ESC1,
	Author = {Pauly, Mark and Mitra, Niloy J. and Giesen, Joachim and Gross, Markus and Guibas, Leonidas J.},
	Booktitle = SGP,
	Series = {SGP '05},
	Title = {Example-based 3D Scan Completion},
	Year = {2005}}

@inproceedings{Kovnatsky:2013:EG,
	Author = {A. Kovnatsky and M. M. Bronstein and A. M. Bronstein and K. Glashoff and R. Kimmel},
	Booktitle = {Eurographics'13},
	Owner = {fanwang},
	Pages = {439-448},
	Timestamp = {2014.01.20},
	Title = {Coupled quasi-harmonic bases},
	Year = {2013}}

@unpublished{Bronstein:2014:SIIS,
	Author = {M. M. Bronstein and K. Glashoff and T. A. Loring},
	Journal = {SIAM Journal on Imaging Sciences (SIIS)},
	Note = {SIAM Journal on Imaging Sciences (SIIS), submitted.},
	Owner = {fanwang},
	Title = {Making {L}aplacians commute: multimodal spectral geometry using closest commuting operators},
	Year = {2014}}

@unpublished{Eynard:2014:PAMI,
	Author = {D. Eynard and A. Kovnatsky and M. M. Bronstein and K. Glashoff and A. M. Bronstein},
	Journal = {IEEE Trans. Pattern Analysis and Machine Intelligence (PAMI)},
	Note = {submitted to SIAM Journal on Imaging Sciences},
	Owner = {fanwang},
	Timestamp = {2014.01.20},
	Title = {Multimodal manifold analysis using simultaneous diagonalization of Laplacians},
	Volume = {submitted}}

@inproceedings{Wang:2013:FMap,
	Author = {Fan Wang and Qixing Huang and Leonidas Guibas},
	Booktitle = ICCV,
	Title = {Image Co-Segmentation via Consistent Functional Maps},
	Year = {2013}}

@conference{Wang:2014:FMap,
	Author = {Fan Wang and Qixing Huang and Maks Ovsjanikov and Leonidas Guibas},
	Booktitle = CVPR,
	Title = {Unsupervised Multi-Class Joint Image Segmentation},
	Year = {2014}}
