%% This BibTeX bibliography file was created using BibDesk.
%% http://bibdesk.sourceforge.net/

%% Created for Vova Kim at 2016-09-16 12:08:31 -0700 


%% Saved with string encoding Unicode (UTF-8) 


@string{cgf = {Computer Graphics Forum}}

@string{cgf_eg = {Computer Graphics Forum}}

@string{cgf_ev = {Computer Graphics Forum}}

@string{cgf_pg = {Computer Graphics Forum}}

@string{cgf_sgp = {Computer Graphics Forum}}

@string{crv = {Proc. Canadian Conf. on Computer and Robot Vision}}

@string{cvpr = {Proc. CVPR}}

@string{eccv = {Proc. ECCV}}

@string{fgr = {Proc. IEEE Conf. Automatic Face and Gesture Recognition}}

@string{i3d = {Proc. I3D}}

@string{icassp = {Proc. Int. Conf. on Acoustics, Speech and Signal Processing}}

@string{iccv = {Proc. ICCV}}

@string{icpr = {Proc. Int. Conf. on Pat. Rec.}}

@string{icra = {Proc. IEEE Int. Conf. on Rob. and Auto.}}

@string{ijcv = {Int. J. Comp. Vis.}}

@string{nips = {Proc. NIPS}}

@string{pami = {IEEE Trans. Pat. Ana. \& Mach. Int.}}

@string{sgp = {Proc. Symp. on Geom. Proc.}}

@string{siggraph = {Proc. of SIGGRAPH}}

@string{smi = {Proc. SMI}}

@string{tkdd = {ACM Trans. Knowl. Disc. from Data}}

@string{tog = {ACM Trans. Graph.}}

@string{tog_sig = {ACM Trans. Graph.}}

@string{tog_siga = {ACM Trans. Graph.}}

@string{tvc = {Visual Computer}}

@string{tvcg = {IEEE Trans. Vis. \& Comp. Graphics}}


@inproceedings{yumer2016learning,
	Author = {Yumer, M. E., and Mitra, N. J.},
	Booktitle = {European Conference on Computer Vision (ECCV 2016)},
	Date-Added = {2016-09-16 19:08:29 +0000},
	Date-Modified = {2016-09-16 19:08:29 +0000},
	Organization = {Springer},
	Pages = {-},
	Title = {Learning Semantic Deformation Flows with 3D Convolutional Networks},
	Year = {2016}}

@article{Yumer:2014:CCH,
	Author = {M.E. Yumer and L.B. Kara},
	Journal = TOG_SIGA,
	Number = {6},
	Pages = {to appear},
	Title = {Co-Constrained Handles for Deformation in Shape Collections},
	Volume = {32},
	Year = {2014}}

@article{Gao:2013:S2S,
	Author = {Lin Gao and Yu-Kun Lai and Qixing Huang and Shi-Min Hu},
	Journal = CGF_EG,
	Number = {2},
	Pages = {449--457},
	Title = {A Data-Driven Approach to Realistic Shape Morphing},
	Volume = {32},
	Year = {2013}}

@article{Fish:2014:MR,
	Author = {Noa Fish and Melinos Averkiou and Oliver van Kaick and Olga Sorkine-Hornung and Daniel Cohen-Or and Niloy J. Mitra},
	Journal = TOG_SIG,
	Number = {4},
	Pages = {34:1--34:11},
	Title = {Meta-representation of Shape Families},
	Volume = {33},
	Year = {2014}}

@article{Jain:2012:ESV,
	Author = {Arjun Jain and Thorsten Thorm\"{a}hlen and Tobias Ritschel and Hans-Peter Seidel},
	Journal = CGF_EG,
	Number = 2,
	Pages = {631--640},
	Title = {Exploring Shape Variations by {3D}-Model Decomposition and Part-based Recombination},
	Volume = 31,
	Year = 2012}

@inproceedings{Sims:1991:AE,
	Author = {Karl Sims},
	Booktitle = SIGGRAPH,
	Pages = {319--328},
	Title = {Artificial evolution for computer graphics},
	Year = {1991}}

@article{Stava:2010:IPM,
	Author = {O.~Stava and B. Benes and R. Mech and D. Aliga and P. Kristof},
	Journal = CGF_EG,
	Number = 2,
	Pages = {665--674},
	Title = {Inverse Procedural Modeling by Automatic Generation of {L}-systems},
	Volume = 29,
	Year = 2010}

@article{Chen:2008:SR,
	Author = {X. CHEN and S. B. KANG and Y.-Q. XU and J. DORSEY and H.-Y. SHUM},
	Journal = TOG,
	Number = {2},
	Pages = {11:1--11:21},
	Title = {Sketching reality: Realistic interpretation of architectural},
	Volume = {27},
	Year = {2008}}

@article{Talton:2009:EM,
	Author = {Jerry O. Talton and Daniel Gibson and Lingfeng Yang and Pat Hanrahan and Vladlen Koltun},
	Journal = TOG_SIGA,
	Number = {5},
	Pages = {167:1--167:10},
	Title = {Exploratory modeling with collaborative design spaces},
	Volume = {28},
	Year = {2009}}

@inproceedings{Tsang:2004:SI,
	Author = {Steve Tsang and Ravin Balakrishnan and Karan Singh and Abhishek Ranjan},
	Booktitle = {CHI},
	Pages = {591--598},
	Title = {A suggestive interface for image guided 3D sketching},
	Year = {2004}}

@article{Fan:2013:MBD,
	Author = {Lubin Fan and Ruimin Wang and Linlin Xu and Jiansong Deng and Ligang Liu},
	Journal = CGF_PG,
	Number = {7},
	Pages = {157--166},
	Title = {Modeling by Drawing with Shadow Guidance},
	Volume = {32},
	Year = {2013}}

@article{Chen:2014:FED,
	Author = {Cao Chen and Yanlin Weng and Shun Zhou and Yiying Tong and Kun Zhou},
	Journal = TVCG,
	Number = {3},
	Title = {FaceWarehouse: a 3D Facial Expression Database for Visual Computing},
	Volume = {20},
	Year = {2014}}

@article{Talton:2009:EMC,
	Author = {Talton, Jerry O. and Gibson, Daniel and Yang, Lingfeng and Hanrahan, Pat and Koltun, Vladlen},
	Journal = {ACM Trans. Graph.},
	Number = {5},
	Title = {Exploratory Modeling with Collaborative Design Spaces},
	Volume = {28},
	Year = {2009}}

@article{Xu:FDS:2012,
	Author = {Kai Xu and Hao Zhang and Daniel Cohen-Or and Baoquan Chen},
	Journal = TOG_SIG,
	Number = {4},
	Pages = {57:1--57:10},
	Title = {Fit and Diverse: Set Evolution for Inspiring 3D Shape Galleries},
	Volume = {31},
	Year = {2012}}

@inproceedings{Talton:2012:LDP,
	Author = {Talton, Jerry and Yang, Lingfeng and Kumar, Ranjitha and Lim, Maxine and Goodman, Noah and M\v{e}ch, Radom\'{\i}r},
	Booktitle = UIST,
	Pages = {63--74},
	Title = {Learning Design Patterns with Bayesian Grammar Induction},
	Year = {2012}}

@article{Guo:2014:CG,
	Author = {Xuekun Guo and Juncong Lin and Kai Xu and Xiaogang Jin},
	Journal = {Graphical Models (Special Issue of GMP)},
	Number = {5},
	Pages = {376--389},
	Title = {Creature Grammar for Creative Modeling of 3D Monsters},
	Volume = {76},
	Year = {2014}}

@article{Umetani:2012:GEP,
	Author = {Nobuyuki Umetani and Takeo Igarashi and Niloy J. Mitra},
	Journal = TOG_SIG,
	Number = {4},
	Title = {Guided Exploration of Physically Valid Shapes for Furniture Design},
	Volume = {31},
	Year = {2012}}

@article{Huang:2015:AS3,
	Author = {Haibin Huang and Evangelos Kalogerakis and Benjamin Marlin},
	Journal = cgf_sgp,
	Number = {5},
	Title = {Analysis and synthesis of 3D shape families via deep-learned generative models of surfaces},
	Volume = {34},
	Year = {2015}}
