%% This BibTeX bibliography file was created using BibDesk.
%% http://bibdesk.sourceforge.net/

%% Created for vokim at 2015-09-14 10:25:27 -0700 


%% Saved with string encoding Unicode (UTF-8) 


@string{cgf = {Computer Graphics Forum}}

@string{cgf_eg = {Computer Graphics Forum (Special Issue of Eurographics)}}

@string{cgf_sgp = {Computer Graphics Forum (Special Issue of SGP)}}

@string{crv = {Proc. Canadian Conf. on Computer and Robot Vision}}

@string{cvpr = {Proc. IEEE Conf. on Comp. Vis. and Pat. Rec.}}

@string{eccv = {Proc. Euro. Conf. on Comp. Vis.}}

@string{fgr = {Proc. IEEE Conf. Automatic Face and Gesture Recognition}}

@string{icassp = {Proc. Int. Conf. on Acoustics, Speech and Signal Processing}}

@string{iccv = {Proc. Int. Conf. on Comp. Vis.}}

@string{icpr = {Proc. Int. Conf. on Pat. Rec.}}

@string{ijcv = {Int. J. Comp. Vis.}}

@string{pami = {IEEE Trans. Pat. Ana. \& Mach. Int.}}

@string{sgp = {Symp. on Geom. Proc.}}

@string{siggraph = {Proc. of SIGGRAPH}}

@string{smi = {Proc. IEEE Int. Conf. on Shape Modeling and Applications}}

@string{tkdd = {ACM Trans. Knowl. Disc. from Data}}

@string{tog = {ACM Trans. on Graph}}

@string{tog_sig = {ACM Trans. on Graph (Proc. of SIGGRAPH)}}

@string{tog_siga = {ACM Trans. on Graph (Proc. of SIGGRAPH Asia)}}

@string{tvc = {Visual Computer}}

@string{tvcg = {IEEE Trans. Vis. \& Comp. Graphics}}


@article{Allen03,
	Author = {Brett Allen and Brian Curless and Zoran Popovi\'{c}},
	Journal = {ACM Transactions on Graphics},
	Number = {3},
	Title = {The space of human body shapes: reconstruction and parameterization from range scans},
	Volume = {22},
	Year = {2003}}

@inproceedings{Berner:2008:GSD,
	Author = {Alexander Berner and Martin Bokeloh and Michael Wand and Andreas Schilling and Hans-Peter Seidel},
	Bibsource = {DBLP, http://dblp.uni-trier.de},
	Booktitle = {Proceedings of the Eurographics / IEEE VGTC Workshop on Volume Graphics 2008, Los Angeles, California, USA, 2008},
	Crossref = {DBLP:conf/vg/2008},
	Ee = {http://dx.doi.org/10.2312/VG/VG-PBG08/001-008},
	Pages = {1-8},
	Title = {A Graph-Based Approach to Symmetry Detection},
	Year = {2008}}

@inproceedings{DBLP:conf/sdm/ChenSWZ08,
	Author = {Gang Chen and Yangqiu Song and Fei Wang and Changshui Zhang},
	Bibsource = {DBLP, http://dblp.uni-trier.de},
	Booktitle = {SDM},
	Crossref = {DBLP:conf/sdm/2008},
	Ee = {http://www.siam.org/proceedings/datamining/2008/dm08_37_chen.pdf},
	Pages = {410-419},
	Title = {Semi-supervised Multi-label Learning by Solving a Sylvester Equation},
	Year = {2008}}

@inproceedings{DBLP:conf/cvpr/ZaharescuBVH09,
	Author = {Andrei Zaharescu and Edmond Boyer and Kiran Varanasi and Radu Horaud},
	Bibsource = {DBLP, http://dblp.uni-trier.de},
	Booktitle = {CVPR},
	Crossref = {DBLP:conf/cvpr/2009},
	Ee = {http://doi.ieeecomputersociety.org/10.1109/CVPRW.2009.5206748},
	Pages = {373-380},
	Title = {Surface feature detection and description with applications to mesh matching},
	Year = {2009}}

@inproceedings{Aiger:2008:CSR,
	Acmid = {1360684},
	Address = {New York, NY, USA},
	Articleno = {85},
	Author = {Aiger, Dror and Mitra, Niloy J. and Cohen-Or, Daniel},
	Booktitle = {ACM SIGGRAPH 2008 papers},
	Doi = {http://doi.acm.org/10.1145/1399504.1360684},
	Isbn = {978-1-4503-0112-1},
	Keywords = {affine invariant ratio, computational geometry, largest common pointset (LCP) measure, pairwise surface registration, partial shape matching, scan alignment},
	Location = {Los Angeles, California},
	Numpages = {10},
	Pages = {85:1--85:10},
	Publisher = {ACM},
	Series = {SIGGRAPH '08},
	Title = {4-points congruent sets for robust pairwise surface registration},
	Url = {http://doi.acm.org/10.1145/1399504.1360684},
	Year = {2008},
	Bdsk-Url-1 = {http://doi.acm.org/10.1145/1399504.1360684}}

@inproceedings{Alexa:2000:ARAP,
	Acmid = {344859},
	Address = {New York, NY, USA},
	Author = {Alexa, Marc and Cohen-Or, Daniel and Levin, David},
	Booktitle = {Proceedings of the 27th annual conference on Computer graphics and interactive techniques},
	Doi = {http://dx.doi.org/10.1145/344779.344859},
	Isbn = {1-58113-208-5},
	Keywords = {compatible triangulation, shape blending, vertex path problem},
	Numpages = {8},
	Pages = {157--164},
	Publisher = {ACM Press/Addison-Wesley Publishing Co.},
	Series = {SIGGRAPH '00},
	Title = {As-rigid-as-possible shape interpolation},
	Url = {http://dx.doi.org/10.1145/344779.344859},
	Year = {2000},
	Bdsk-Url-1 = {http://dx.doi.org/10.1145/344779.344859}}

@article{Tropp:2012:UTB,
	Author = {Tropp, Joel A.},
	Issn = {1615-3375},
	Issue_Date = {August 2012},
	Journal = {Found. Comput. Math.},
	Month = aug,
	Number = {4},
	Pages = {389--434},
	Title = {User-Friendly Tail Bounds for Sums of Random Matrices},
	Volume = {12},
	Year = {2012}}

@inproceedings{Alliez:2003:APR,
	Author = {Alliez, Pierre and Cohen-Steiner, David and Devillers, Olivier and L\'{e}vy, Bruno and Desbrun, Mathieu},
	Booktitle = {ACM SIGGRAPH 2003 Papers},
	Isbn = {1-58113-709-5},
	Location = {San Diego, California},
	Numpages = {9},
	Pages = {485--493},
	Series = {SIGGRAPH '03},
	Title = {Anisotropic polygonal remeshing},
	Year = {2003}}

@article{Alon:2006:KRS,
	Acmid = {1150336},
	Address = {New York, NY, USA},
	Author = {Alon, Noga and Moshkovitz, Dana and Safra, Shmuel},
	Doi = {http://doi.acm.org/10.1145/1150334.1150336},
	Issn = {1549-6325},
	Issue = {2},
	Journal = {ACM Trans. Algorithms},
	Keywords = {k-restriction, Derandomization, Set-Cover, almost k-wise independence, generalized hashing, group testing, splitter},
	Month = {April},
	Numpages = {25},
	Pages = {153--177},
	Publisher = {ACM},
	Title = {Algorithmic construction of sets for k-restrictions},
	Url = {http://doi.acm.org/10.1145/1150334.1150336},
	Volume = {2},
	Year = {2006},
	Bdsk-Url-1 = {http://doi.acm.org/10.1145/1150334.1150336}}

@inproceedings{Amenta:1998:VSR,
	Acmid = {280947},
	Address = {New York, NY, USA},
	Author = {Amenta, Nina and Bern, Marshall and Kamvysselis, Manolis},
	Booktitle = {Proceedings of the 25th annual conference on Computer graphics and interactive techniques},
	Doi = {http://doi.acm.org/10.1145/280814.280947},
	Isbn = {0-89791-999-8},
	Keywords = {Delaunay triangulation, computational geometry, medial axis, sampling},
	Numpages = {7},
	Pages = {415--421},
	Publisher = {ACM},
	Series = {SIGGRAPH '98},
	Title = {A new Voronoi-based surface reconstruction algorithm},
	Url = {http://doi.acm.org/10.1145/280814.280947},
	Year = {1998},
	Bdsk-Url-1 = {http://doi.acm.org/10.1145/280814.280947}}

@inproceedings{Amit:2007:USS:1273496.1273499,
	Author = {Amit, Yonatan and Fink, Michael and Srebro, Nathan and Ullman, Shimon},
	Pages = {17--24},
	Series = {ICML '07},
	Title = {Uncovering shared structures in multiclass classification},
	Year = {2007}}

@inproceedings{Anguelov:2005:SCAPE,
	Author = {Anguelov, Dragomir and Srinivasan, Praveen and Koller, Daphne and Thrun, Sebastian and Rodgers, Jim and Davis, James},
	Booktitle = {ACM SIGGRAPH 2005 Papers},
	Location = {Los Angeles, California},
	Numpages = {9},
	Pages = {408--416},
	Series = {SIGGRAPH '05},
	Title = {SCAPE: shape completion and animation of people},
	Year = {2005}}

@article{Anguelov:2005:CCA,
	Author = {Anguelov, Dragomir and Srinivasan, Praveen and Pang, Hoi-Cheung and Koller, Daphne and Thrun, Sebastian and Davis, James},
	Journal = {NIPS},
	Pages = {33--40},
	Publisher = {MIT Press},
	Title = {The Correlated Correspondence Algorithm for Unsupervised Registration of Nonrigid Surfaces},
	Volume = {17},
	Year = {2004}}

@article{Attene:2006:PFS,
	Author = {Marco Attene and Bianca Falcidieno and Michela Spagnuolo},
	Bibsource = {DBLP, http://dblp.uni-trier.de},
	Ee = {http://dx.doi.org/10.1007/s00371-006-0375-x},
	Journal = {The Visual Computer},
	Number = {3},
	Pages = {181-193},
	Title = {Hierarchical mesh segmentation based on fitting primitives},
	Volume = {22},
	Year = {2006}}

@inproceedings{Attene:2006:MS,
	Acmid = {1136960},
	Address = {Washington, DC, USA},
	Author = {Attene, M. and Katz, S. and Mortara, M. and Patane, G. and Spagnuolo, M. and Tal, A.},
	Booktitle = {Proceedings of the IEEE International Conference on Shape Modeling and Applications 2006},
	Doi = {10.1109/SMI.2006.24},
	Isbn = {0-7695-2591-1},
	Pages = {7--},
	Publisher = {IEEE Computer Society},
	Title = {Mesh Segmentation - A Comparative Study},
	Url = {http://dl.acm.org/citation.cfm?id=1136647.1136960},
	Year = {2006},
	Bdsk-Url-1 = {http://dl.acm.org/citation.cfm?id=1136647.1136960},
	Bdsk-Url-2 = {http://dx.doi.org/10.1109/SMI.2006.24}}

@inproceedings{Baghshah:2009:SML,
	Author = {Baghshah, Mahdieh Soleymani and Shouraki, Saeed Bagheri},
	Pages = {1217--1222},
	Series = {IJCAI'09},
	Title = {Semi-supervised metric learning using pairwise constraints},
	Year = {2009}}

@book{Barrett:1996:PDC,
	Author = {Wayne W. Barrett and Charles R. Johnson and Raphael Loewy},
	Publisher = {Amer Mathematical Society},
	Title = {The Real Positive Definite Completion Problem: Cycle Completability},
	Year = {1996}}

@article{Ben-Chen:2010:DKVF,
	Author = {Mirela Ben-Chen and Adrian Butscher and Justin Solomon and Leonidas J. Guibas},
	Bibsource = {DBLP, http://dblp.uni-trier.de},
	Ee = {http://dx.doi.org/10.1111/j.1467-8659.2010.01779.x},
	Journal = {Comput. Graph. Forum},
	Number = {5},
	Pages = {1701-1711},
	Title = {On Discrete Killing Vector Fields and Patterns on Surfaces},
	Volume = {29},
	Year = {2010}}

@article{Besl:1992:ICP,
	Address = {Washington, DC, USA},
	Author = {Besl, Paul J. and McKay, Neil D.},
	Doi = {http://dx.doi.org/10.1109/34.121791},
	Issn = {0162-8828},
	Journal = PAMI,
	Number = {2},
	Pages = {239--256},
	Publisher = {IEEE Computer Society},
	Title = {A Method for Registration of 3-D Shapes},
	Volume = {14},
	Year = {1992},
	Bdsk-Url-1 = {http://dx.doi.org/10.1109/34.121791}}

@article{Bezdek:2003:CAO,
	Author = {Bezdek, James C. and Hathaway, Richard J.},
	Issn = {1061-5369},
	Issue = {4},
	Journal = {Neural, Parallel Sci. Comput.},
	Month = {December},
	Numpages = {18},
	Pages = {351--368},
	Title = {Convergence of alternating optimization},
	Volume = {11},
	Year = {2003}}

@article{Biederman:1987:RBC,
	Author = {Irving Biederman},
	Journal = {Psychological Review},
	Pages = {115--147},
	Title = {Recognition-by-components: A theory of human image understanding},
	Volume = {94},
	Year = {1987}}

@article{Bokeloh:2008:SLF,
	Address = {Munich, Germany},
	Author = {Bokeloh, Martin and Berner, Alexander and Wand, Michael and Seidel, Hans-Peter and Schilling, Andreas},
	Booktitle = {The European Association for Computer Graphics 30th Annual Conference : EUROGRAPHICS 2009},
	Editor = {Dutr{\'e}, Philip and Stamminger, Marc},
	Isbn = {0167-7055},
	Journal = {Computer Graphics Forum},
	Number = {2},
	Pages = {697--706},
	Publisher = {Blackwell},
	Series = {Computer Graphics Forum},
	Title = {Symmetry Detection Using Line Features},
	Volume = {28},
	Year = {2009}}

@inproceedings{Bokeloh:2010:IPM,
	Acmid = {1778841},
	Address = {New York, NY, USA},
	Articleno = {104},
	Author = {Bokeloh, Martin and Wand, Michael and Seidel, Hans-Peter},
	Booktitle = {ACM SIGGRAPH 2010 papers},
	Doi = {http://doi.acm.org/10.1145/1833349.1778841},
	Isbn = {978-1-4503-0210-4},
	Keywords = {geometry synthesis, inverse procedural modeling, modeling by example},
	Location = {Los Angeles, California},
	Numpages = {10},
	Pages = {104:1--104:10},
	Publisher = {ACM},
	Series = {SIGGRAPH '10},
	Title = {A connection between partial symmetry and inverse procedural modeling},
	Url = {http://doi.acm.org/10.1145/1833349.1778841},
	Year = {2010},
	Bdsk-Url-1 = {http://doi.acm.org/10.1145/1833349.1778841}}

@inproceedings{Bommes:2009:MIQ,
	Acmid = {1531383},
	Address = {New York, NY, USA},
	Articleno = {77},
	Author = {Bommes, David and Zimmer, Henrik and Kobbelt, Leif},
	Booktitle = {ACM SIGGRAPH 2009 papers},
	Doi = {http://doi.acm.org/10.1145/1576246.1531383},
	Isbn = {978-1-60558-726-4},
	Keywords = {direction field, mixed-integer, parametrization, quadrangulation, remeshing, singularities},
	Location = {New Orleans, Louisiana},
	Numpages = {10},
	Pages = {77:1--77:10},
	Publisher = {ACM},
	Series = {SIGGRAPH '09},
	Title = {Mixed-integer quadrangulation},
	Url = {http://doi.acm.org/10.1145/1576246.1531383},
	Year = {2009},
	Bdsk-Url-1 = {http://doi.acm.org/10.1145/1576246.1531383}}

@article{Boyd:2011:DOS,
	Author = {Boyd, Stephen and Parikh, Neal and Chu, Eric and Peleato, Borja and Eckstein, Jonathan},
	Issn = {1935-8237},
	Issue_Date = {January 2011},
	Journal = {Found. Trends Mach. Learn.},
	Month = jan,
	Number = {1},
	Numpages = {122},
	Pages = {1--122},
	Title = {Distributed Optimization and Statistical Learning via the Alternating Direction Method of Multipliers},
	Volume = {3},
	Year = {2011}}

@article{Boyd:2011:DOS1,
	Author = {Boyd, Stephen and Parikh, Neal and Chu, Eric and Peleato, Borja and Eckstein, Jonathan},
	Issn = {1935-8237},
	Issue_Date = {January 2011},
	Journal = {Found. Trends Mach. Learn.},
	Month = jan,
	Number = {1},
	Numpages = {122},
	Pages = {1--122},
	Title = {Distributed Optimization and Statistical Learning via the Alternating Direction Method of Multipliers},
	Volume = {3},
	Year = {2011}}

@book{Boyd:2004:BOOK,
	Address = {New York, NY, USA},
	Author = {Boyd, Stephen and Vandenberghe, Lieven},
	Isbn = {0521833787},
	Publisher = {Cambridge University Press},
	Title = {Convex Optimization},
	Year = {2004}}

@book{Bronstein:2008:NGN,
	Author = {Bronstein, Alexander and Bronstein, Michael and Kimmel, Ron},
	Edition = {1},
	Isbn = {0387733000, 9780387733005},
	Publisher = {Springer Publishing Company, Incorporated},
	Title = {Numerical Geometry of Non-Rigid Shapes},
	Year = {2008}}

@article{bronstein-gmds,
	Author = {M. M. Bronstein and A. M. Bronstein and R. Kimmel},
	Journal = pnas,
	Number = {5},
	Pages = {1168--1172},
	Title = {Generalized multidimensional scaling: a framework for isometry-invariant partial surface matching},
	Volume = {103},
	Year = {2006}}

@unpublished{Bronstein:2014:SIIS,
	Author = {M. M. Bronstein and K. Glashoff and T. A. Loring},
	Journal = {SIAM Journal on Imaging Sciences (SIIS)},
	Note = {SIAM Journal on Imaging Sciences (SIIS), submitted.},
	Owner = {fanwang},
	Title = {Making {L}aplacians commute: multimodal spectral geometry using closest commuting operators},
	Year = {2014}}

@article{Brown:2007:GNA,
	Author = {Benedict Brown and Szymon Rusinkiewicz},
	Journal = {ACM Transactions on Graphics (Proc. SIGGRAPH)},
	Month = aug,
	Number = {3},
	Title = {Global Non-Rigid Alignment of {3-D} Scans},
	Volume = {26},
	Year = {2007}}

@article{Candes:2011:RPC,
	Articleno = {11},
	Author = {Cand\`{e}s, Emmanuel J. and Li, Xiaodong and Ma, Yi and Wright, John},
	Issn = {0004-5411},
	Issue_Date = {May 2011},
	Journal = {J. ACM},
	Month = jun,
	Number = {3},
	Numpages = {37},
	Pages = {11:1--11:37},
	Title = {Robust principal component analysis?},
	Volume = {58},
	Year = {2011}}

@article{Candes:2009:EMC,
	Author = {Cand\`{e}s, Emmanuel J. and Recht, Benjamin},
	Issn = {1615-3375},
	Issue_Date = {December 2009},
	Journal = {Found. Comput. Math.},
	Month = dec,
	Number = {6},
	Numpages = {56},
	Pages = {717--772},
	Title = {Exact Matrix Completion via Convex Optimization},
	Volume = {9},
	Year = {2009}}

@article{Candes:2011:TOI,
	Author = {Candes, E. J. and Plan, Y.},
	Journal = {IEEE Trans. Inf. Theor.},
	Month = apr,
	Number = {4},
	Pages = {2342--2359},
	Title = {Tight Oracle Inequalities for Low-Rank Matrix Recovery From a Minimal Number of Noisy Random Measurements},
	Volume = {57},
	Year = {2011}}

@article{Candes:2005:DLP,
	Author = {Candes, E. J. and Tao, T.},
	Issn = {0018-9448},
	Issue_Date = {December 2005},
	Journal = {Trans. Inf. Theor.},
	Month = dec,
	Number = {12},
	Numpages = {13},
	Pages = {4203--4215},
	Title = {Decoding by linear programming},
	Volume = {51},
	Year = {2005}}

@article{DBLP:journals/pieee/CandesP10,
	Author = {Emmanuel J. Cand{\`e}s and Yaniv Plan},
	Bibsource = {DBLP, http://dblp.uni-trier.de},
	Ee = {http://dx.doi.org/10.1109/JPROC.2009.2035722},
	Journal = {Proceedings of the IEEE},
	Number = {6},
	Pages = {925-936},
	Title = {Matrix Completion With Noise},
	Volume = {98},
	Year = {2010}}

@article{Candes:2006:CS,
	Author = {Cand{\`e}s, Emmanuel J. and Romberg, Justin and Tao, Terence},
	Journal = {IEEE Transactions on Information Theory},
	Keywords = {compressed.sensing},
	Number = {2},
	Pages = {489-509},
	Title = {Robust uncertainty principles: exact signal reconstruction from highly incomplete frequency information},
	Volume = {52},
	Year = {2006}}

@book{Docarmo:1976:DG,
	Author = {Manfredo do Carmo},
	Publisher = {Prentice Hall},
	Title = {Differential Geometry of Curves and Surfaces},
	Xxauthor = {Manfredo P.\ do Carmo},
	Year = {1976}}

@inproceedings{Cazals:2003:PFO,
	Address = {Aire-la-Ville, Switzerland, Switzerland},
	Author = {Cazals, F. and Pouget, M.},
	Booktitle = SGP,
	Isbn = {1-58113-687-0},
	Location = {Aachen, Germany},
	Pages = {177--187},
	Publisher = {Eurographics Association},
	Title = {Estimating differential quantities using polynomial fitting of osculating jets},
	Year = {2003}}

@inproceedings{conf/cvpr/ChangRA09,
	Author = {Chang, Ju Yong and Raskar, Ramesh and Agrawal, Amit K.},
	Booktitle = {CVPR},
	Date = {2009-12-31},
	Pages = {1706-1713},
	Year = {2009}}

@inproceedings{chang2011computing,
	Author = {Will Chang and Hao Li and Niloy J. Mitra and Mark Pauly and Michael Wand},
	Booktitle = {Eurographics 2012: Tutorial Notes},
	Title = {Dynamic Geometry Processing},
	Year = {2012}}

@article{Chang:2008:ARA,
	Author = {Chang, Will and Zwicker, Matthias},
	Journal = {Comput. Graph. Forum},
	Number = {5},
	Pages = {1459--1468},
	Title = {Automatic registration for articulated shapes},
	Volume = {27},
	Year = {2008}}

@inproceedings{Charpiat:2009:LSM,
	Address = {Kyoto, Japan},
	Author = {Charpiat, G.},
	Booktitle = {NORDIA 2009},
	Month = {09},
	Title = {Learning Shape Metrics based on Deformations and Transport},
	Url = {http://tosca.cs.technion.ac.il/nordia09/},
	Year = {2009},
	Bdsk-Url-1 = {http://tosca.cs.technion.ac.il/nordia09/}}

@article{Chaudhuri:2011:PAM,
	Acmid = {1964930},
	Articleno = {35},
	Author = {Chaudhuri, Siddhartha and Kalogerakis, Evangelos and Guibas, Leonidas and Koltun, Vladlen},
	Issn = {0730-0301},
	Issue_Date = {July 2011},
	Journal = {ACM Trans. Graph.},
	Month = aug,
	Number = {4},
	Numpages = {10},
	Pages = {35:1--35:10},
	Publisher = {ACM},
	Title = {Probabilistic reasoning for assembly-based 3D modeling},
	Volume = {30},
	Year = {2011}}

@article{Chaudhuri:2010:DDS,
	Acmid = {1866205},
	Articleno = {183},
	Author = {Chaudhuri, Siddhartha and Koltun, Vladlen},
	Issn = {0730-0301},
	Issue_Date = {December 2010},
	Journal = {ACM Trans. Graph.},
	Month = dec,
	Number = {6},
	Numpages = {10},
	Pages = {183:1--183:10},
	Publisher = {ACM},
	Title = {Data-driven suggestions for creativity support in 3D modeling},
	Volume = {29},
	Year = {2010}}

@inproceedings{Chekuri:2001:MLP,
	Acmid = {365426},
	Address = {Philadelphia, PA, USA},
	Author = {Chekuri, Chandra and Khanna, Sanjeev and Naor, Joseph (Seffi) and Zosin, Leonid},
	Booktitle = {Proceedings of the twelfth annual ACM-SIAM symposium on Discrete algorithms},
	Isbn = {0-89871-490-7},
	Location = {Washington, D.C., United States},
	Numpages = {10},
	Pages = {109--118},
	Publisher = {Society for Industrial and Applied Mathematics},
	Series = {SODA '01},
	Title = {Approximation algorithms for the metric labeling problem via a new linear programming formulation},
	Url = {http://dl.acm.org/citation.cfm?id=365411.365426},
	Year = {2001},
	Bdsk-Url-1 = {http://dl.acm.org/citation.cfm?id=365411.365426}}

@article{DBLP:journals/cgf/ChenTSO03,
	Author = {Ding-Yun Chen and Xiao-Pei Tian and Yu-Te Shen and Ming Ouhyoung},
	Bibsource = {DBLP, http://dblp.uni-trier.de},
	Ee = {http://dx.doi.org/10.1111/1467-8659.00669},
	Journal = {Comput. Graph. Forum},
	Number = {3},
	Pages = {223-232},
	Title = {On Visual Similarity Based 3D Model Retrieval},
	Volume = {22},
	Year = {2003}}

@inproceedings{Chen:2009:PSB,
	Acmid = {1531379},
	Address = {New York, NY, USA},
	Articleno = {73},
	Author = {Chen, Xiaobai and Golovinskiy, Aleksey and Funkhouser, Thomas},
	Booktitle = {ACM SIGGRAPH 2009 papers},
	Doi = {http://doi.acm.org/10.1145/1576246.1531379},
	Isbn = {978-1-60558-726-4},
	Keywords = {3D mesh analysis, 3D mesh segmentation},
	Location = {New Orleans, Louisiana},
	Numpages = {12},
	Pages = {73:1--73:12},
	Publisher = {ACM},
	Series = {SIGGRAPH '09},
	Title = {A benchmark for 3D mesh segmentation},
	Url = {http://doi.acm.org/10.1145/1576246.1531379},
	Year = {2009},
	Bdsk-Url-1 = {http://doi.acm.org/10.1145/1576246.1531379}}

@article{Chen:1992:NDF,
	Acmid = {138633},
	Address = {Newton, MA, USA},
	Author = {Chen, Yang and Medioni, G\'{e}rard},
	Doi = {10.1016/0262-8856(92)90066-C},
	Issn = {0262-8856},
	Issue = {3},
	Journal = {Image Vision Comput.},
	Keywords = {3D surface registration, object modelling, range image registration},
	Month = {April},
	Numpages = {11},
	Pages = {145--155},
	Publisher = {Butterworth-Heinemann},
	Title = {Object modelling by registration of multiple range images},
	Url = {http://dl.acm.org/citation.cfm?id=138628.138633},
	Volume = {10},
	Year = {1992},
	Bdsk-Url-1 = {http://dl.acm.org/citation.cfm?id=138628.138633},
	Bdsk-Url-2 = {http://dx.doi.org/10.1016/0262-8856(92)90066-C}}

@inproceedings{Cho:2010:JPS,
	Author = {Taeg Sang Cho and Shai Avidan and William T. Freeman},
	Bibsource = {DBLP, http://dblp.uni-trier.de},
	Booktitle = {CVPR},
	Ee = {http://dx.doi.org/10.1109/CVPR.2010.5540212},
	Pages = {183-190},
	Title = {A probabilistic image jigsaw puzzle solver},
	Year = {2010}}

@article{Cho:2010:TPT,
	Author = {Taeg Sang Cho and Shai Avidan and William T. Freeman},
	Bibsource = {DBLP, http://dblp.uni-trier.de},
	Ee = {http://doi.ieeecomputersociety.org/10.1109/TPAMI.2009.133},
	Journal = {IEEE Trans. Pattern Anal. Mach. Intell.},
	Number = {8},
	Pages = {1489-1501},
	Title = {The Patch Transform},
	Volume = {32},
	Year = {2010}}

@article{Chui:2003:NPM,
	Acmid = {941105},
	Address = {New York, NY, USA},
	Author = {Chui, Haili and Rangarajan, Anand},
	Doi = {10.1016/S1077-3142(03)00009-2},
	Issn = {1077-3142},
	Issue_Date = {February 2003},
	Journal = {Comput. Vis. Image Underst.},
	Keywords = {Robust point matching (RPM), Thin-plate splines (TPS), brain mapping, correspondence, feature-based, linear assignment, non-rigid mapping, outlier rejection, permutation matrix, registration, softassign},
	Month = feb,
	Number = {2-3},
	Numpages = {28},
	Pages = {114--141},
	Publisher = {Elsevier Science Inc.},
	Title = {A new point matching algorithm for non-rigid registration},
	Url = {http://dx.doi.org/10.1016/S1077-3142(03)00009-2},
	Volume = {89},
	Year = {2003},
	Bdsk-Url-1 = {http://dx.doi.org/10.1016/S1077-3142(03)00009-2}}

@article{Chung:2003:SRG,
	Author = {Fan R. K. Chung and Linyuan Lu and Van H. Vu},
	Bibsource = {DBLP, http://dblp.uni-trier.de},
	Ee = {http://dx.doi.org/10.1080/15427951.2004.10129089},
	Journal = {Internet Mathematics},
	Number = {3},
	Pages = {257-275},
	Title = {The Spectra of Random Graphs with Given Expected Degrees},
	Volume = {1},
	Year = {2003}}

@article{Clarenz:2004:RFD,
	Author = {Clarenz, Ulrich and Rumpf, Martin and Telea, Alexandru},
	Issn = {1077-2626},
	Journal = {TVCG},
	Month = sep,
	Number = {5},
	Pages = {516--524},
	Title = {Robust Feature Detection and Local Classification for Surfaces Based on Moment Analysis},
	Volume = {10},
	Year = {2004}}

@inproceedings{Cohen-Steiner:2004:VSA,
	Acmid = {1015817},
	Address = {New York, NY, USA},
	Author = {Cohen-Steiner, David and Alliez, Pierre and Desbrun, Mathieu},
	Booktitle = {ACM SIGGRAPH 2004 Papers},
	Doi = {http://doi.acm.org/10.1145/1186562.1015817},
	Keywords = {Lloyd's clustering algorithm, anisotropic remeshing, geometric approximation, geometric error metrics, surfaces},
	Location = {Los Angeles, California},
	Numpages = {10},
	Pages = {905--914},
	Publisher = {ACM},
	Series = {SIGGRAPH '04},
	Title = {Variational shape approximation},
	Url = {http://doi.acm.org/10.1145/1186562.1015817},
	Year = {2004},
	Bdsk-Url-1 = {http://doi.acm.org/10.1145/1186562.1015817}}

@inproceedings{Coifman:2005:DIS,
	Author = {R. R. Coifman and S. Lafon and A. B. Lee and M. Maggioni and F. Warner and S. Zucker},
	Booktitle = {PNAS},
	Pages = {7426--7431},
	Title = {Geometric diffusions as a tool for harmonic analysis and structure definition of data: Diffusion maps},
	Year = {2005}}

@article{Diff:mp:inverse,
	Author = {D. Constales},
	Journal = {Acta Math. Hungar},
	Pages = {83-88},
	Publisher = {MIT Press},
	Title = {A closed formula for the Moore-Penrose generalized inverse of a complex matrix of given rank.},
	Volume = {80},
	Year = {1998}}

@book{Costa:2000:SAC,
	Address = {Boca Raton, FL, USA},
	Author = {Costa, Luciano da Fontoura Da and Cesar,Jr., Roberto Marcondes},
	Edition = {1st},
	Isbn = {0849334934},
	Publisher = {CRC Press, Inc.},
	Title = {Shape Analysis and Classification: Theory and Practice},
	Year = {2000}}

@inproceedings{Crandall:2011:DOL,
	Author = {Crandall, D. and Owens, A. and Snavely, N. and Huttenlocher, D.},
	Pages = {3001--3008},
	Series = {CVPR '11},
	Title = {Discrete-continuous optimization for large-scale structure from motion},
	Year = {2011}}

@article{Cyr:2004:SAA,
	Author = {Cyr, Christopher M. and Kimia, Benjamin B.},
	Issue_Date = {April 2004},
	Journal = {Int. J. Comput. Vision},
	Month = apr,
	Number = {1},
	Pages = {5--22},
	Title = {A Similarity-Based Aspect-Graph Approach to 3D Object Recognition},
	Volume = {57},
	Year = {2004}}

@incollection{Dantzig:1947:SIMPLEX,
	Address = {New York, N. Y.},
	Author = {Dantzig, George B.},
	Booktitle = {Activity Analysis of Production and Allocation},
	Mrclass = {90.0X},
	Mrnumber = {15,47k},
	Mrreviewer = {H. W. Kuhn},
	Pages = {339--347},
	Publisher = {John Wiley \& Sons Inc.},
	Series = {Cowles Commission Monograph No. 13},
	Title = {Maximization of a linear function of variables subject to linear inequalities},
	Year = {1951}}

@book{Dattorro:2013:EDG,
	Author = {Jon Dattorro},
	Publisher = {Meboo Publishing USA},
	Title = {Convex Optimization \& Euclidean Distance Geometry},
	Year = {2011}}

@inproceedings{DeCarlo:2003:SCC,
	Acmid = {882354},
	Address = {New York, NY, USA},
	Author = {DeCarlo, Doug and Finkelstein, Adam and Rusinkiewicz, Szymon and Santella, Anthony},
	Booktitle = {ACM SIGGRAPH 2003 Papers},
	Doi = {http://doi.acm.org/10.1145/1201775.882354},
	Isbn = {1-58113-709-5},
	Keywords = {contours, non-photorealistic rendering, silhouettess},
	Location = {San Diego, California},
	Numpages = {8},
	Pages = {848--855},
	Publisher = {ACM},
	Series = {SIGGRAPH '03},
	Title = {Suggestive contours for conveying shape},
	Url = {http://doi.acm.org/10.1145/1201775.882354},
	Year = {2003},
	Bdsk-Url-1 = {http://doi.acm.org/10.1145/1201775.882354}}

@inproceedings{conf/cvpr/DengDSLL009,
	Added-At = {2013-02-05T00:00:00.000+0100},
	Author = {Deng, Jia and Dong, Wei and Socher, Richard and Li, Li-Jia and Li, Kai and Li, Fei-Fei},
	Biburl = {http://www.bibsonomy.org/bibtex/209d9aa781dac7233dc587b44cfe80063/dblp},
	Booktitle = {CVPR},
	Pages = {248-255},
	Year = {2009}}

@inproceedings{DengKrauseFei-Fei_CVPR2013,
	Author = {Jia Deng and Jonathan Krause and Li Fei-Fei},
	Booktitle = {CVPR'13},
	Month = {June},
	Title = {Fine-Grained Crowdsourcing for Fine-Grained Recognition},
	Year = {2013}}

@book{dey2007curve,
	Author = {Dey, Tamal Krishna},
	Publisher = {Cambridge University Press},
	Title = {Curve and surface reconstruction: algorithms with mathematical analysis},
	Volume = {23},
	Year = {2007}}

@article{Ding:2010:SDL,
	Author = {Xue Ding and Tiefeng Jiang},
	Journal = {Annals of Applied Probability},
	Pages = {2086-2117},
	Title = {Spectral distributions of adjacency and Laplacian matrices of random graphs},
	Volume = {20(6)},
	Year = {2010}}

@inproceedings{Dong:2006:SSQ,
	Acmid = {1141993},
	Address = {New York, NY, USA},
	Author = {Dong, Shen and Bremer, Peer-Timo and Garland, Michael and Pascucci, Valerio and Hart, John C.},
	Booktitle = {ACM SIGGRAPH 2006 Papers},
	Doi = {http://doi.acm.org/10.1145/1179352.1141993},
	Isbn = {1-59593-364-6},
	Keywords = {Morse theory, Morse-Smale complex, laplacian eigenvectors, quadrangular remeshing, spectral mesh decomposition},
	Location = {Boston, Massachusetts},
	Numpages = {10},
	Pages = {1057--1066},
	Publisher = {ACM},
	Series = {SIGGRAPH '06},
	Title = {Spectral surface quadrangulation},
	Url = {http://doi.acm.org/10.1145/1179352.1141993},
	Year = {2006},
	Bdsk-Url-1 = {http://doi.acm.org/10.1145/1179352.1141993}}

@article{Dong:2005:HFQR,
	Address = {Amsterdam, The Netherlands, The Netherlands},
	Author = {Dong,, S. and Kircher,, S. and Garland,, M.},
	Doi = {http://dx.doi.org/10.1016/j.cagd.2005.04.004},
	Issn = {0167-8396},
	Journal = {Comput. Aided Geom. Des.},
	Number = {5},
	Pages = {392--423},
	Publisher = {Elsevier Science Publishers B. V.},
	Title = {Harmonic functions for quadrilateral remeshing of arbitrary manifolds},
	Volume = {22},
	Year = {2005},
	Bdsk-Url-1 = {http://dx.doi.org/10.1016/j.cagd.2005.04.004}}

@unpublished{Eynard:2014:PAMI,
	Author = {D. Eynard and A. Kovnatsky and M. M. Bronstein and K. Glashoff and A. M. Bronstein},
	Journal = {IEEE Trans. Pattern Analysis and Machine Intelligence (PAMI)},
	Note = {submitted to SIAM Journal on Imaging Sciences},
	Owner = {fanwang},
	Timestamp = {2014.01.20},
	Title = {Multimodal manifold analysis using simultaneous diagonalization of Laplacians},
	Volume = {submitted}}

@inproceedings{DBLP:conf/nips/FergusWT09,
	Author = {Rob Fergus and Yair Weiss and Antonio Torralba},
	Booktitle = {NIPS},
	Pages = {522-530},
	Title = {Semi-Supervised Learning in Gigantic Image Collections},
	Year = {2009}}

@article{Fiedler1973,
	Added-At = {2009-07-23T11:23:30.000+0200},
	Author = {Fiedler, Miroslav},
	Journal = {Czechoslovak Mathematical Journal},
	Keywords = {Graph Theorie algebra fiedler ordering},
	Pages = {298--305},
	Title = {Algebraic {C}onnectivity of {G}raphs},
	Volume = {23},
	Year = {1973}}

@article{Fischler:1981:RSC,
	Acmid = {358692},
	Address = {New York, NY, USA},
	Author = {Fischler, Martin A. and Bolles, Robert C.},
	Doi = {10.1145/358669.358692},
	Issn = {0001-0782},
	Issue_Date = {June 1981},
	Journal = {Commun. ACM},
	Keywords = {automated cartography, camera calibration, image matching, location determination, model fitting, scene analysis},
	Month = jun,
	Number = {6},
	Numpages = {15},
	Pages = {381--395},
	Publisher = {ACM},
	Title = {Random sample consensus: a paradigm for model fitting with applications to image analysis and automated cartography},
	Url = {http://doi.acm.org/10.1145/358669.358692},
	Volume = {24},
	Year = {1981},
	Bdsk-Url-1 = {http://doi.acm.org/10.1145/358669.358692},
	Bdsk-Url-2 = {http://dx.doi.org/10.1145/358669.358692}}

@article{Fisher:2010:CSM,
	Articleno = {182},
	Author = {Fisher, Matthew and Hanrahan, Pat},
	Issn = {0730-0301},
	Issue_Date = {December 2010},
	Journal = {ACM Trans. Graph.},
	Month = dec,
	Number = {6},
	Numpages = {10},
	Pages = {182:1--182:10},
	Title = {Context-based search for 3D models},
	Volume = {29},
	Year = {2010}}

@article{Fisher:2011:CSR,
	Articleno = {34},
	Author = {Fisher, Matthew and Savva, Manolis and Hanrahan, Pat},
	Issn = {0730-0301},
	Issue_Date = {July 2011},
	Journal = {ACM Trans. Graph.},
	Month = aug,
	Number = {4},
	Numpages = {12},
	Pages = {34:1--34:12},
	Title = {Characterizing structural relationships in scenes using graph kernels},
	Volume = {30},
	Year = {2011}}

@book{Floriani:2007:SAS,
	Author = {Floriani, Leila de; Spagnuolo, Michela (Eds.)},
	Note = {http://www.springer.com/west/home/math/analysis?SGWID=4-10044-22-173665611-detailsPage=ppmmedia|toc},
	Publisher = {Springer},
	Title = {Shape Analysis and Structuring},
	Url = {http://www-evasion.imag.fr/Publications/2007/BEHS07},
	Year = {2007},
	Bdsk-Url-1 = {http://www-evasion.imag.fr/Publications/2007/BEHS07}}

@book{daFontouraCosta:2009:SCA:1611480,
	Address = {Boca Raton, FL, USA},
	Author = {da Fontoura Costa, Luciano and Cesar Jr., Roberto Marcondes},
	Edition = {2nd},
	Isbn = {0849379296, 9780849379291},
	Publisher = {CRC Press, Inc.},
	Title = {Shape Classification and Analysis: Theory and Practice},
	Year = {2009}}

@inproceedings{Freund:1995:DGO,
	Acmid = {712093},
	Address = {London, UK, UK},
	Author = {Freund, Yoav and Schapire, Robert E.},
	Isbn = {3-540-59119-2},
	Numpages = {15},
	Pages = {23--37},
	Publisher = {Springer-Verlag},
	Series = {EuroCOLT '95},
	Title = {A decision-theoretic generalization of on-line learning and an application to boosting},
	Url = {http://dl.acm.org/citation.cfm?id=646943.712093},
	Year = {1995},
	Bdsk-Url-1 = {http://dl.acm.org/citation.cfm?id=646943.712093}}

@inproceedings{Fu:2008:URM,
	Articleno = {42},
	Author = {Fu, Hongbo and Cohen-Or, Daniel and Dror, Gideon and Sheffer, Alla},
	Numpages = {7},
	Pages = {42:1--42:7},
	Series = {SIGGRAPH '08},
	Title = {Upright orientation of man-made objects}}

@article{Funkhouser:2005:SBR,
	Author = {Thomas A. Funkhouser and Michael M. Kazhdan and Patrick Min and Philip Shilane},
	Bibsource = {DBLP, http://dblp.uni-trier.de},
	Ee = {http://doi.acm.org/10.1145/1064830.1064859},
	Journal = {Commun. ACM},
	Number = {6},
	Pages = {58-64},
	Title = {Shape-based retrieval and analysis of 3d models},
	Volume = {48},
	Year = {2005}}

@article{Funkhouser:2004:MBE,
	Author = {Funkhouser, Thomas and Kazhdan, Michael and Shilane, Philip and Min, Patrick and Kiefer, William and Tal, Ayellet and Rusinkiewicz, Szymon and Dobkin, David},
	Issn = {0730-0301},
	Issue_Date = {August 2004},
	Journal = {ACM Trans. Graph.},
	Month = aug,
	Number = {3},
	Numpages = {12},
	Pages = {652--663},
	Title = {Modeling by example},
	Volume = {23},
	Year = {2004}}

@inproceedings{Funkhouser:2004:ME,
	Acmid = {1015775},
	Address = {New York, NY, USA},
	Author = {Funkhouser, Thomas and Kazhdan, Michael and Shilane, Philip and Min, Patrick and Kiefer, William and Tal, Ayellet and Rusinkiewicz, Szymon and Dobkin, David},
	Booktitle = {ACM SIGGRAPH 2004 Papers},
	Doi = {http://doi.acm.org/10.1145/1186562.1015775},
	Keywords = {3D shape matching, databases of geometric models, interactive modeling tools},
	Location = {Los Angeles, California},
	Numpages = {12},
	Pages = {652--663},
	Publisher = {ACM},
	Series = {SIGGRAPH '04},
	Title = {Modeling by example},
	Url = {http://doi.acm.org/10.1145/1186562.1015775},
	Year = {2004},
	Bdsk-Url-1 = {http://doi.acm.org/10.1145/1186562.1015775}}

@inproceedings{Gal:2007:RSP,
	Acmid = {1282025},
	Address = {Aire-la-Ville, Switzerland, Switzerland},
	Author = {Gal, Ran and Shamir, Ariel and Hassner, Tal and Pauly, Mark and Cohen-Or, Daniel},
	Booktitle = {Proceedings of the fifth Eurographics symposium on Geometry processing},
	Isbn = {978-3-905673-46-3},
	Location = {Barcelona, Spain},
	Numpages = {10},
	Pages = {253--262},
	Publisher = {Eurographics Association},
	Title = {Surface reconstruction using local shape priors},
	Url = {http://dl.acm.org/citation.cfm?id=1281991.1282025},
	Year = {2007},
	Bdsk-Url-1 = {http://dl.acm.org/citation.cfm?id=1281991.1282025}}

@inproceedings{Gal:2009:IAA,
	Acmid = {1531339},
	Address = {New York, NY, USA},
	Articleno = {33},
	Author = {Gal, Ran and Sorkine, Olga and Mitra, Niloy J. and Cohen-Or, Daniel},
	Booktitle = {ACM SIGGRAPH 2009 papers},
	Doi = {http://doi.acm.org/10.1145/1576246.1531339},
	Isbn = {978-1-60558-726-4},
	Keywords = {constraint propagation, man-made objects, mesh editing, space deformation, structured deformation},
	Location = {New Orleans, Louisiana},
	Numpages = {10},
	Pages = {33:1--33:10},
	Publisher = {ACM},
	Series = {SIGGRAPH '09},
	Title = {iWIRES: an analyze-and-edit approach to shape manipulation},
	Url = {http://doi.acm.org/10.1145/1576246.1531339},
	Year = {2009},
	Bdsk-Url-1 = {http://doi.acm.org/10.1145/1576246.1531339}}

@inproceedings{Gelfand:2004:LSA,
	Acmid = {1057461},
	Address = {New York, NY, USA},
	Author = {Gelfand, Natasha and Guibas, Leonidas J.},
	Booktitle = {Proceedings of the 2004 Eurographics/ACM SIGGRAPH symposium on Geometry processing},
	Doi = {http://doi.acm.org/10.1145/1057432.1057461},
	Isbn = {3-905673-13-4},
	Location = {Nice, France},
	Numpages = {10},
	Pages = {214--223},
	Publisher = {ACM},
	Series = {SGP '04},
	Title = {Shape segmentation using local slippage analysis},
	Url = {http://doi.acm.org/10.1145/1057432.1057461},
	Year = {2004},
	Bdsk-Url-1 = {http://doi.acm.org/10.1145/1057432.1057461}}

@inproceedings{Gelfand:2005:RGR,
	Acmid = {1281953},
	Address = {Aire-la-Ville, Switzerland, Switzerland},
	Articleno = {197},
	Author = {Gelfand, Natasha and Mitra, Niloy J. and Guibas, Leonidas J. and Pottmann, Helmut},
	Booktitle = {Proceedings of the third Eurographics symposium on Geometry processing},
	Isbn = {3-905673-24-X},
	Location = {Vienna, Austria},
	Publisher = {Eurographics Association},
	Title = {Robust global registration},
	Url = {http://dl.acm.org/citation.cfm?id=1281920.1281953},
	Year = {2005},
	Bdsk-Url-1 = {http://dl.acm.org/citation.cfm?id=1281920.1281953}}

@misc{GIORGI:2007:SHREC,
	Author = {D. GIORGI and S. BIASDTTI and L. PARABOSCHI},
	Title = {Shrec: shape retreval contex: Watertight models track},
	Year = {2007}}

@misc{SHREC:2007,
	Author = {Daniela Giorgi and Silvia Biasotti and Laura Paraboschi},
	Title = {SHape REtrieval Contest 2007: Watertight Models Track},
	Url = {http://watertight.ge.imati.cnr.it},
	Year = {2007},
	Bdsk-Url-1 = {http://watertight.ge.imati.cnr.it}}

@article{Goes:2008:HSA,
	Author = {Fernando de Goes and Siome Goldenstein and Luiz Velho},
	Bibsource = {DBLP, http://dblp.uni-trier.de},
	Ee = {http://dx.doi.org/10.1111/j.1467-8659.2008.01274.x},
	Journal = {Comput. Graph. Forum},
	Number = {5},
	Pages = {1349-1356},
	Title = {A Hierarchical Segmentation of Articulated Bodies},
	Volume = {27},
	Year = {2008}}

@article{Goldberg:2004:GAA,
	Author = {Goldberg, David and Malon, Christopher and Bern, Marshall},
	Issn = {0925-7721},
	Issue = {2-3},
	Journal = {Comput. Geom. Theory Appl.},
	Month = {June},
	Numpages = {10},
	Pages = {165--174},
	Title = {A global approach to automatic solution of jigsaw puzzles},
	Volume = {28},
	Year = {2004}}

@inproceedings{Goldman:2005:SSB,
	Author = {Goldman, Dan B. and Curless, Brian and Hertzmann, Aaron and Seitz, Steven M.},
	Booktitle = {Proceedings of the Tenth IEEE International Conference on Computer Vision (ICCV'05) Volume 1 - Volume 01},
	Isbn = {0-7695-2334-X-01},
	Pages = {341--348},
	Series = {ICCV '05},
	Title = {Shape and Spatially-Varying BRDFs from Photometric Stereo},
	Year = {2005}}

@inproceedings{Golovinskiy:2008:RC,
	Acmid = {1409098},
	Address = {New York, NY, USA},
	Articleno = {145},
	Author = {Golovinskiy, Aleksey and Funkhouser, Thomas},
	Booktitle = {ACM SIGGRAPH Asia 2008 papers},
	Doi = {http://doi.acm.org/10.1145/1457515.1409098},
	Keywords = {mesh segmentation, shape analysis},
	Location = {Singapore},
	Numpages = {12},
	Pages = {145:1--145:12},
	Publisher = {ACM},
	Series = {SIGGRAPH Asia '08},
	Title = {Randomized cuts for 3D mesh analysis},
	Url = {http://doi.acm.org/10.1145/1457515.1409098},
	Year = {2008},
	Bdsk-Url-1 = {http://doi.acm.org/10.1145/1457515.1409098}}

@article{Golovinskiy:2009:CS,
	Author = {Aleksey Golovinskiy and Thomas A. Funkhouser},
	Bibsource = {DBLP, http://dblp.uni-trier.de},
	Ee = {http://dx.doi.org/10.1016/j.cag.2009.03.010},
	Journal = {Computers {\&} Graphics},
	Number = {3},
	Pages = {262-269},
	Title = {Consistent segmentation of 3D models},
	Volume = {33},
	Year = {2009}}

@misc{Grant:2009:CVX,
	Author = {Michael Grant and Stephen Boyd},
	Note = {\url{http://www.stanford.edu/~boyd/cvx/}},
	Title = {{CVX}: Matlab Software for Disciplined Convex Programming},
	Year = {2011}}

@inproceedings{Halldorsson:1994:GGA,
	Author = {Halld\'{o}rsson, Magn\'{u}s and Radhakrishnan, Jaikumar},
	Isbn = {0-89791-663-8},
	Location = {Montreal, Quebec, Canada},
	Numpages = {10},
	Pages = {439--448},
	Series = {STOC '94},
	Title = {Greed is good: approximating independent sets in sparse and bounded-degree graphs},
	Year = {1994}}

@inproceedings{Hays:2006:TRC,
	Author = {James Hays and Marius Leordeanu and Alexei A. Efros and Yanxi Liu},
	Bibsource = {DBLP, http://dblp.uni-trier.de},
	Booktitle = {Computer Vision - ECCV 2006, 9th European Conference on Computer Vision, Graz, Austria, May 7-13, 2006, Proceedings, Part II},
	Ee = {http://dx.doi.org/10.1007/11744047_40},
	Pages = {522-535},
	Title = {Discovering Texture Regularity as a Higher-Order Correspondence Problem},
	Year = {2006}}

@inproceedings{Hochbaum:2009:CS,
	Author = {Dorit S. Hochbaum and Vikas Singh},
	Bibsource = {DBLP, http://dblp.uni-trier.de},
	Booktitle = {IEEE 12th International Conference on Computer Vision, ICCV 2009, Kyoto, Japan, September 27 - October 4, 2009},
	Ee = {http://dx.doi.org/10.1109/ICCV.2009.5459261},
	Pages = {269-276},
	Title = {An efficient algorithm for Co-segmentation},
	Year = {2009}}

@inproceedings{Hofer:2005:LEG,
	Author = {Hofer, M. and Odehnal, B. and Pottmann, H. and Steiner, T. and Wallner, J.},
	Isbn = {0-7695-2334-X-02},
	Numpages = {7},
	Pages = {1532--1538},
	Series = {ICCV '05},
	Title = {3D Shape Recognition and Reconstruction Based on Line Element Geometry},
	Year = {2005}}

@article{Hoffman:1983:PR,
	Author = {D.D. Hoffman and Whitman Richards and Alex Pentl and John Rubin and Joseph Scheuhammer},
	Journal = {Cognition},
	Pages = {65--96},
	Title = {Parts Of Recognition},
	Volume = {18},
	Year = {1983}}

@article{Hoffman:1997:SVP,
	Author = {Hoffman, D D and Singh, M},
	Journal = {Cognition},
	Number = {1},
	Pages = {29--78},
	Publisher = {Elsevier},
	Title = {Salience of visual parts.},
	Url = {http://linkinghub.elsevier.com/retrieve/pii/S0010027796007913},
	Volume = {63},
	Year = {1997},
	Bdsk-Url-1 = {http://linkinghub.elsevier.com/retrieve/pii/S0010027796007913}}

@article{Hoi:2010:SDM,
	Acmid = {1823752},
	Address = {New York, NY, USA},
	Articleno = {18},
	Author = {Hoi, Steven C.h. and Liu, Wei and Chang, Shih-Fu},
	Doi = {10.1145/1823746.1823752},
	Issn = {1551-6857},
	Issue_Date = {August 2010},
	Journal = {ACM Trans. Multimedia Comput. Commun. Appl.},
	Keywords = {Distance metric learning, content-based image retrieval, multimedia data clustering},
	Month = aug,
	Number = {3},
	Numpages = {26},
	Pages = {18:1--18:26},
	Publisher = {ACM},
	Title = {Semi-supervised distance metric learning for collaborative image retrieval and clustering},
	Url = {http://doi.acm.org/10.1145/1823746.1823752},
	Volume = {6},
	Year = {2010},
	Bdsk-Url-1 = {http://doi.acm.org/10.1145/1823746.1823752},
	Bdsk-Url-2 = {http://dx.doi.org/10.1145/1823746.1823752}}

@article{Hoiem:2005:APP,
	Author = {Hoiem, Derek and Efros, Alexei A. and Hebert, Martial},
	Issn = {0730-0301},
	Issue_Date = {July 2005},
	Journal = {ACM Trans. Graph.},
	Month = jul,
	Number = {3},
	Pages = {577--584},
	Title = {Automatic Photo Pop-up},
	Volume = {24},
	Year = {2005}}

@article{Holland:1977:IRLS,
	Author = {P. W. Holland and R. E. Welsch},
	Journal = {Communications in Statistics: Theory and Methods},
	Pages = {813-827},
	Title = {Robust Regression Using Iteratively Reweighted Least-Squares},
	Volume = {A6},
	Year = {1977}}

@article{Hu:2012:CSV,
	Author = {Hu, Ruizhen and Fan, Lubin and Liu, Ligang},
	Issn = {0167-7055},
	Issue_Date = {August 2012},
	Journal = {Computer Graphics Forum},
	Month = aug,
	Number = {5},
	Pages = {1703--1713},
	Title = {Co-{S}egmentation of 3{D} Shapes via Subspace Clustering},
	Volume = {31},
	Year = {2012}}

@article{journals/cgf/HuFL12,
	Added-At = {2012-09-06T00:00:00.000+0200},
	Author = {Hu, Ruizhen and Fan, Lubin and Liu, Ligang},
	Biburl = {http://www.bibsonomy.org/bibtex/2d3951520f608becbe263fad4fa3cbdbe/dblp},
	Ee = {http://dx.doi.org/10.1111/j.1467-8659.2012.03175.x},
	Interhash = {ca543fc9ee8e8b09cf3906de72aab182},
	Intrahash = {d3951520f608becbe263fad4fa3cbdbe},
	Journal = {Comput. Graph. Forum},
	Keywords = {dblp},
	Number = {5},
	Pages = {1703-1713},
	Timestamp = {2012-09-06T00:00:00.000+0200},
	Title = {Co-{S}egmentation of 3{D} Shapes via Subspace Clustering.},
	Url = {http://dblp.uni-trier.de/db/journals/cgf/cgf31.html#HuFL12},
	Volume = {31},
	Year = {2012},
	Bdsk-Url-1 = {http://dblp.uni-trier.de/db/journals/cgf/cgf31.html#HuFL12}}

@inproceedings{Huang:2008:SQC,
	Acmid = {1409100},
	Address = {New York, NY, USA},
	Articleno = {147},
	Author = {Huang, Jin and Zhang, Muyang and Ma, Jin and Liu, Xinguo and Kobbelt, Leif and Bao, Hujun},
	Booktitle = {ACM SIGGRAPH Asia 2008 papers},
	Doi = {http://doi.acm.org/10.1145/1457515.1409100},
	Keywords = {Laplacian eigenfunctions, constrained optimization, quadrangular remeshing},
	Location = {Singapore},
	Numpages = {9},
	Pages = {147:1--147:9},
	Publisher = {ACM},
	Series = {SIGGRAPH Asia '08},
	Title = {Spectral quadrangulation with orientation and alignment control},
	Url = {http://doi.acm.org/10.1145/1457515.1409100},
	Year = {2008},
	Bdsk-Url-1 = {http://doi.acm.org/10.1145/1457515.1409100}}

@article{hg-csmsdp-13,
	Author = {Qixing Huang and Leonidas Guibas},
	Journal = {Computer Graphics Forum (SGP)},
	Number = {5},
	Pages = {177-186},
	Title = {Consistent Shape Maps via Semidefinite Programming},
	Volume = {32},
	Year = {2013}}

@article{Huang:2012:SLP,
	Author = {Qixing Huang and Leonidas Guibas and Niloy Mitra},
	Journal = {ACM Trans. Graph.},
	Series = {Accepted with Major Revision},
	Title = {Near-Regular Structure Extraction Using Linear Programming},
	Year = {2012}}

@article{Huang:2011:JSS,
	Articleno = {125},
	Author = {Qixing Huang and Vladlen Koltun and Leonidas Guibas},
	Issn = {0730-0301},
	Issue_Date = {December 2011},
	Journal = {ACM Trans. Graph.},
	Month = dec,
	Number = {6},
	Numpages = {12},
	Pages = {125:1--125:12},
	Title = {Joint Shape Segmentation Using Linear Programming},
	Volume = {30},
	Year = {2011}}

@article{Huang:2013:FSL,
	Author = {Huang, Qixing and Su, Hao and Guibas, Leonidas},
	Issn = {0730-0301},
	Issue_Date = {November 2013},
	Journal = {ACM Trans. Graph.},
	Month = nov,
	Number = {6},
	Pages = {190:1--190:10},
	Title = {Fine-grained Semi-supervised Labeling of Large Shape Collections},
	Volume = {32},
	Year = {2013}}

@article{Huang:2012:OAE,
	Articleno = {167},
	Author = {Huang, Qixing and Zhang, Guo-Xin and Gao, Lin and Hu, Shi-Min and Butscher, Adrian and Guibas, Leonidas},
	Issn = {0730-0301},
	Issue_Date = {November 2012},
	Journal = {ACM Trans. Graph.},
	Month = nov,
	Number = {6},
	Numpages = {11},
	Pages = {167:1--167:11},
	Title = {An optimization approach for extracting and encoding consistent maps in a shape collection},
	Volume = {31},
	Year = {2012}}

@inproceedings{Huang:2007:BSR,
	Acmid = {1282021},
	Address = {Aire-la-Ville, Switzerland, Switzerland},
	Author = {Huang, Qi-Xing and Adams, Bart and Wand, Michael},
	Booktitle = {Proceedings of the fifth Eurographics Symposium on Geometry Processing},
	Isbn = {978-3-905673-46-3},
	Location = {Barcelona, Spain},
	Numpages = {11},
	Pages = {213--223},
	Publisher = {Eurographics Association},
	Series = {SGP '07},
	Title = {Bayesian surface reconstruction via iterative scan alignment to an optimized prototype},
	Url = {http://dl.acm.org/citation.cfm?id=1281991.1282021},
	Year = {2007},
	Bdsk-Url-1 = {http://dl.acm.org/citation.cfm?id=1281991.1282021}}

@inproceedings{Huang:2008:NRR,
	Author = {Huang, Qixing and Adams, Bart and Wicke, Martin and Guibas, Leonidas J.},
	Booktitle = {Eurogaphics Symposium on Geometry Processing '08},
	Location = {Copenhagen, Denmark},
	Numpages = {9},
	Pages = {1449--1457},
	Title = {Non-rigid registration under isometric deformations},
	Year = {2008}}

@inproceedings{Huang:2010:ALM,
	Author = {Qi-Xing Huang and Dragomir Anguelov},
	Bibsource = {DBLP, http://dblp.uni-trier.de},
	Booktitle = {IEEE International Conference on Robotics and Automation, ICRA 2010, Anchorage, Alaska, USA, 3-7 May 2010},
	Ee = {http://dx.doi.org/10.1109/ROBOT.2010.5509460},
	Pages = {1353-1360},
	Title = {High quality pose estimation by aligning multiple scans to a latent map},
	Year = {2010}}

@article{Huang:2006:RFO,
	Author = {Huang, Qi-Xing and Fl\"{o}ry, Simon and Gelfand, Natasha and Hofer, Michael and Pottmann, Helmut},
	Journal = {ACM Trans. Graph.},
	Number = {3},
	Pages = {569-578},
	Title = {Reassembling fractured objects by geometric matching},
	Volume = {25},
	Year = {2006}}

@article{Huang:2009:SMA,
	Author = {Qi-Xing Huang and Martin Wicke and Bart Adams and Leonidas J. Guibas},
	Bibsource = {DBLP, http://dblp.uni-trier.de},
	Ee = {http://dx.doi.org/10.1111/j.1467-8659.2009.01380.x},
	Journal = {Comput. Graph. Forum},
	Number = {2},
	Pages = {407-416},
	Title = {Shape Decomposition using Modal Analysis},
	Volume = {28},
	Year = {2009}}

@phdthesis{Huber:2002:Thesis,
	Address = {Pittsburgh, PA},
	Author = {Daniel Huber},
	Month = {December},
	Number = {CMU-RI-TR-02-35},
	School = {Robotics Institute, Carnegie Mellon University},
	Title = {Automatic Three-dimensional Modeling from Reality},
	Year = {2002}}

@inproceedings{ilog:2011,
	Author = {IBM},
	Publisher = {http://www-01.ibm.com/software/integration/optimization/cplex-optimization-studio/},
	Title = {IBM ILOG CPLEX Optimization Studio},
	Year = {2011}}

@article{James:2005:SMA,
	Author = {James, Doug L. and Twigg, Christopher D.},
	Issn = {0730-0301},
	Issue_Date = {July 2005},
	Journal = {ACM Trans. Graph.},
	Month = jul,
	Number = {3},
	Numpages = {9},
	Pages = {399--407},
	Title = {Skinning mesh animations},
	Volume = {24},
	Year = {2005}}

@article{Johnson:1999:USI,
	Acmid = {302947},
	Address = {Washington, DC, USA},
	Author = {Johnson, Andrew E. and Hebert, Martial},
	Doi = {10.1109/34.765655},
	Issn = {0162-8828},
	Issue_Date = {May 1999},
	Journal = {IEEE Trans. Pattern Anal. Mach. Intell.},
	Keywords = {3D object recognition, surface matching, spin image, clutter, occlusion, oriented point, surface mesh, point correspondence.},
	Month = may,
	Number = {5},
	Numpages = {17},
	Pages = {433--449},
	Publisher = {IEEE Computer Society},
	Title = {Using Spin Images for Efficient Object Recognition in Cluttered 3D Scenes},
	Url = {http://dx.doi.org/10.1109/34.765655},
	Volume = {21},
	Year = {1999},
	Bdsk-Url-1 = {http://dx.doi.org/10.1109/34.765655}}

@inproceedings{Joulin:2010:CS,
	Author = {Armand Joulin and Francis R. Bach and Jean Ponce},
	Bibsource = {DBLP, http://dblp.uni-trier.de},
	Booktitle = {The Twenty-Third IEEE Conference on Computer Vision and Pattern Recognition, CVPR 2010, San Francisco, CA, USA, 13-18 June 2010},
	Ee = {http://dx.doi.org/10.1109/CVPR.2010.5539868},
	Pages = {1943-1950},
	Title = {Discriminative clustering for image co-segmentation},
	Year = {2010}}

@article{Kahraman:2007:PBP,
	Author = {Kahraman, Abdullah and Morris, Richard J and Laskowski, Roman A and Thornton, Janet M},
	Journal = {Journal of Molecular Biology},
	Number = {1},
	Pages = {283--301},
	Publisher = {Elsevier},
	Title = {Shape variation in protein binding pockets and their ligands.},
	Url = {http://www.ncbi.nlm.nih.gov/pubmed/17337005},
	Volume = {368},
	Year = {2007},
	Bdsk-Url-1 = {http://www.ncbi.nlm.nih.gov/pubmed/17337005}}

@article{van-Kaick:2011:PKC,
	Author = {Oliver van Kaick and Andrea Tagliasacchi and Oana Sidi and Hao Zhang and Daniel Cohen-Or and Lior Wolf and and Ghassan Hamarneh},
	Journal = {Computer Graphics Forum},
	Number = {2},
	Pages = {553--562},
	Title = {Prior Knowledge for Part Correspondence},
	Volume = {30},
	Year = {2011}}

@article{vanKaick:2011:PSC,
	Author = {Oliver van Kaick and Andrea Tagliasacchi and Oana Sidi and Hao Zhang and Daniel Cohen-Or and Lior Wolf and Ghassan Hamarneh},
	Journal = {Computer Graphics Forum},
	Number = {2},
	Pages = {553--562},
	Title = {Prior Knowledge for Shape Correspondence},
	Volume = {30},
	Year = {2011}}

@article{van-Kaick:2010:SSC,
	Author = {Oliver van Kaick and Hao Zhang and Ghassan Hamarneh and Daniel Cohen-Or},
	Bibsource = {DBLP, http://dblp.uni-trier.de},
	Ee = {http://dx.doi.org/10.1111/j.1467-8659.2011.01884.x},
	Journal = {Comput. Graph. Forum},
	Number = {6},
	Pages = {1681-1707},
	Title = {A Survey on Shape Correspondence},
	Volume = {30},
	Year = {2011}}

@article{Kalogerakis:2012:PMC,
	Acmid = {2185551},
	Address = {New York, NY, USA},
	Articleno = {55},
	Author = {Kalogerakis, Evangelos and Chaudhuri, Siddhartha and Koller, Daphne and Koltun, Vladlen},
	Doi = {10.1145/2185520.2185551},
	Issn = {0730-0301},
	Issue_Date = {July 2012},
	Journal = {ACM Trans. Graph.},
	Keywords = {data-driven 3D modeling, machine learning, probabilistic graphical models, shape structure, shape synthesis},
	Month = jul,
	Number = {4},
	Numpages = {11},
	Pages = {55:1--55:11},
	Publisher = {ACM},
	Title = {A probabilistic model for component-based shape synthesis},
	Url = {http://doi.acm.org/10.1145/2185520.2185551},
	Volume = {31},
	Year = {2012},
	Bdsk-Url-1 = {http://doi.acm.org/10.1145/2185520.2185551},
	Bdsk-Url-2 = {http://dx.doi.org/10.1145/2185520.2185551}}

@article{Kalogerakis:2010:LMS,
	Articleno = {102},
	Author = {Kalogerakis, Evangelos and Hertzmann, Aaron and Singh, Karan},
	Issn = {0730-0301},
	Issue = {4},
	Journal = {ACM Trans. Graph.},
	Month = {July},
	Numpages = {12},
	Pages = {102:1--102:12},
	Title = {Learning 3D mesh segmentation and labeling},
	Volume = {29},
	Year = {2010}}

@incollection{Karp:1972:CCC,
	Author = {Karp, R.},
	Booktitle = {Complexity of Computer Computations},
	Editor = {Miller, R. and Thatcher, J.},
	Keywords = {imported XMLTage2006-2},
	Pages = {85--103},
	Publisher = {Plenum Press},
	Timestamp = {2006-11-06T22:06:28.000+0100},
	Title = {Reducibility among combinatorial problems},
	Year = {1972}}

@article{Katz:2005:CE,
	Author = {Sagi Katz and George Leifman and Ayellet Tal},
	Bibsource = {DBLP, http://dblp.uni-trier.de},
	Ee = {http://dx.doi.org/10.1007/s00371-005-0344-9},
	Journal = {The Visual Computer},
	Number = {8-10},
	Pages = {649-658},
	Title = {Mesh segmentation using feature point and core extraction},
	Volume = {21},
	Year = {2005}}

@inproceedings{Katz:2003:HMD,
	Acmid = {882369},
	Address = {New York, NY, USA},
	Author = {Katz, Sagi and Tal, Ayellet},
	Booktitle = {ACM SIGGRAPH 2003 Papers},
	Doi = {http://doi.acm.org/10.1145/1201775.882369},
	Isbn = {1-58113-709-5},
	Keywords = {control-skeleton extraction, mesh decomposition, mesh segmentation},
	Location = {San Diego, California},
	Numpages = {8},
	Pages = {954--961},
	Publisher = {ACM},
	Series = {SIGGRAPH '03},
	Title = {Hierarchical mesh decomposition using fuzzy clustering and cuts},
	Url = {http://doi.acm.org/10.1145/1201775.882369},
	Year = {2003},
	Bdsk-Url-1 = {http://doi.acm.org/10.1145/1201775.882369}}

@inproceedings{Kazhdan:2006:PSR,
	Acmid = {1281965},
	Address = {Aire-la-Ville, Switzerland, Switzerland},
	Author = {Kazhdan, Michael and Bolitho, Matthew and Hoppe, Hugues},
	Booktitle = {Proceedings of the fourth Eurographics symposium on Geometry processing},
	Isbn = {3-905673-36-3},
	Location = {Cagliari, Sardinia, Italy},
	Numpages = {10},
	Pages = {61--70},
	Publisher = {Eurographics Association},
	Series = {SGP '06},
	Title = {Poisson surface reconstruction},
	Url = {http://dl.acm.org/citation.cfm?id=1281957.1281965},
	Year = {2006},
	Bdsk-Url-1 = {http://dl.acm.org/citation.cfm?id=1281957.1281965}}

@inproceedings{Kazhdan:2004:SDM,
	Acmid = {1057448},
	Address = {New York, NY, USA},
	Author = {Kazhdan, Michael and Funkhouser, Thomas and Rusinkiewicz, Szymon},
	Booktitle = {Proceedings of the 2004 Eurographics/ACM SIGGRAPH symposium on Geometry processing},
	Doi = {http://doi.acm.org/10.1145/1057432.1057448},
	Isbn = {3-905673-13-4},
	Location = {Nice, France},
	Numpages = {9},
	Pages = {115--123},
	Publisher = {ACM},
	Series = {SGP '04},
	Title = {Symmetry descriptors and 3D shape matching},
	Url = {http://doi.acm.org/10.1145/1057432.1057448},
	Year = {2004},
	Bdsk-Url-1 = {http://doi.acm.org/10.1145/1057432.1057448}}

@inproceedings{Kazhdan:2004:SMA,
	Acmid = {1015770},
	Address = {New York, NY, USA},
	Author = {Kazhdan, Michael and Funkhouser, Thomas and Rusinkiewicz, Szymon},
	Booktitle = {ACM SIGGRAPH 2004 Papers},
	Doi = {http://doi.acm.org/10.1145/1186562.1015770},
	Keywords = {anisotropy, shape matching},
	Location = {Los Angeles, California},
	Numpages = {7},
	Pages = {623--629},
	Publisher = {ACM},
	Series = {SIGGRAPH '04},
	Title = {Shape matching and anisotropy},
	Url = {http://doi.acm.org/10.1145/1186562.1015770},
	Year = {2004},
	Bdsk-Url-1 = {http://doi.acm.org/10.1145/1186562.1015770}}

@inproceedings{Kazhdan:2003:RIS,
	Author = {Kazhdan, Michael and Funkhouser, Thomas and Rusinkiewicz, Szymon},
	Pages = {156--164},
	Series = {SGP '03},
	Title = {Rotation invariant spherical harmonic representation of 3D shape descriptors},
	Year = {2003}}

@inproceedings{Kilian:2007:MSS,
	Acmid = {1276457},
	Address = {New York, NY, USA},
	Articleno = {64},
	Author = {Kilian, Martin and Mitra, Niloy J. and Pottmann, Helmut},
	Booktitle = {ACM SIGGRAPH 2007 papers},
	Doi = {http://doi.acm.org/10.1145/1275808.1276457},
	Keywords = {Riemannian geometry, geodesic, isometric deformation, parallel transport, shape exploration, shape space},
	Location = {San Diego, California},
	Publisher = {ACM},
	Series = {SIGGRAPH '07},
	Title = {Geometric modeling in shape space},
	Url = {http://doi.acm.org/10.1145/1275808.1276457},
	Year = {2007},
	Bdsk-Url-1 = {http://doi.acm.org/10.1145/1275808.1276457}}

@article{Kim:2013:LPT,
	Author = {Kim, Vladimir G. and Li, Wilmot and Mitra, Niloy J. and Chaudhuri, Siddhartha and DiVerdi, Stephen and Funkhouser, Thomas},
	Journal = {ACM Trans. Graph.},
	Month = jul,
	Number = {4},
	Pages = {70:1--70:12},
	Title = {Learning part-based templates from large collections of 3{D} shapes},
	Volume = {32},
	Year = {2013}}

@article{Kim:2012:FC,
	Author = {Kim, Vladimir G. and Li, Wilmot and Mitra, Niloy J. and DiVerdi, Stephen and Funkhouser, Thomas},
	Issn = {0730-0301},
	Issue_Date = {July 2012},
	Journal = {ACM Trans. Graph.},
	Month = jul,
	Number = {4},
	Pages = {54:1--54:11},
	Title = {Exploring collections of 3{D} models using fuzzy correspondences},
	Volume = {31},
	Year = {2012}}

@article{Kim:2010:GIS,
	Author = {Vladimir G. Kim and Yaron Lipman and Xiaobai Chen and Thomas A. Funkhouser},
	Bibsource = {DBLP, http://dblp.uni-trier.de},
	Ee = {http://dx.doi.org/10.1111/j.1467-8659.2010.01778.x},
	Journal = {Comput. Graph. Forum},
	Number = {5},
	Pages = {1689-1700},
	Title = {M{\"o}bius Transformations For Global Intrinsic Symmetry Analysis},
	Volume = {29},
	Year = {2010}}

@article{Kim:2011:BIM,
	Articleno = {79},
	Author = {Kim, Vladimir G. and Lipman, Yaron and Funkhouser, Thomas},
	Issn = {0730-0301},
	Issue_Date = {July 2011},
	Journal = {ACM Trans. Graph.},
	Month = aug,
	Number = {4},
	Numpages = {12},
	Pages = {79:1--79:12},
	Title = {Blended intrinsic maps},
	Volume = {30},
	Year = {2011}}

@article{Kim:2012:AIE,
	Author = {Kim, Young Min and Mitra, Niloy J. and Yan, Dong-Ming and Guibas, Leonidas},
	Issn = {0730-0301},
	Issue_Date = {November 2012},
	Journal = {ACM Trans. Graph.},
	Month = nov,
	Number = {6},
	Pages = {138:1--138:11},
	Title = {Acquiring 3D Indoor Environments with Variability and Repetition},
	Volume = {31},
	Year = {2012}}

@article{Kin-Chung:2010:EVC,
	Author = {Kin-Chung Au, Oscar and Tai, Chiew-Lan and Cohen-Or, Daniel and Zheng, Youyi and Fu, Hongbo},
	Journal = {Computer Graphics Forum},
	Number = {2},
	Pages = {645--654},
	Title = {Electors voting for fast automatic shape correspondence},
	Volume = {29},
	Year = {2010}}

@article{Kleinberg:2002:ML,
	Acmid = {585268},
	Address = {New York, NY, USA},
	Author = {Kleinberg, Jon and Tardos, \'{E}va},
	Doi = {http://doi.acm.org/10.1145/585265.585268},
	Issn = {0004-5411},
	Issue = {5},
	Journal = {J. ACM},
	Keywords = {Approximation algorithms, Markov random fields, classification, metric labeling},
	Month = {September},
	Numpages = {24},
	Pages = {616--639},
	Publisher = {ACM},
	Title = {Approximation algorithms for classification problems with pairwise relationships: metric labeling and Markov random fields},
	Url = {http://doi.acm.org/10.1145/585265.585268},
	Volume = {49},
	Year = {2002},
	Bdsk-Url-1 = {http://doi.acm.org/10.1145/585265.585268}}

@inbook{Kobbelt:1998:FMD,
	Author = {Kobbelt, Leif and Campagna, S and Seidel, H P},
	Booktitle = {Graphics Interface},
	Pages = {43--50},
	Publisher = {Citeseer},
	Title = {A general framework for mesh decimation},
	Url = {http://citeseerx.ist.psu.edu/viewdoc/download?doi=10.1.1.29.8956&rep=rep1&type=pdf},
	Year = {1998},
	Bdsk-Url-1 = {http://citeseerx.ist.psu.edu/viewdoc/download?doi=10.1.1.29.8956&rep=rep1&type=pdf}}

@book{Koller+Friedman:09,
	Author = {D. Koller and N. Friedman},
	Publisher = {MIT Press},
	Title = {Probabilistic Graphical Models: Principles and Techniques},
	Year = {2009}}

@article{Kolmogorov:2006:TRM,
	Acmid = {1159369},
	Address = {Washington, DC, USA},
	Author = {Kolmogorov, Vladimir},
	Doi = {http://dx.doi.org/10.1109/TPAMI.2006.200},
	Issn = {0162-8828},
	Issue = {10},
	Journal = {IEEE Trans. Pattern Anal. Mach. Intell.},
	Keywords = {Energy minimization, graph algorithms, message passing, belief propagation, early vision, Markov random fields, stereo.},
	Month = {October},
	Numpages = {16},
	Pages = {1568--1583},
	Publisher = {IEEE Computer Society},
	Title = {Convergent Tree-Reweighted Message Passing for Energy Minimization},
	Url = {http://dx.doi.org/10.1109/TPAMI.2006.200},
	Volume = {28},
	Year = {2006},
	Bdsk-Url-1 = {http://dx.doi.org/10.1109/TPAMI.2006.200}}

@article{Komodakis:2007:MRF,
	Address = {Los Alamitos, CA, USA},
	Author = {Nikos Komodakis and Nikos Paragios and Georgios Tziritas},
	Doi = {http://doi.ieeecomputersociety.org/10.1109/ICCV.2007.4408890},
	Isbn = {978-1-4244-1630-1},
	Journal = {Computer Vision, IEEE International Conference on},
	Pages = {1-8},
	Publisher = {IEEE Computer Society},
	Title = {MRF Optimization via Dual Decomposition: Message-Passing Revisited},
	Volume = {0},
	Year = {2007},
	Bdsk-Url-1 = {http://doi.ieeecomputersociety.org/10.1109/ICCV.2007.4408890}}

@inproceedings{Kovnatsky:2013:EG,
	Author = {A. Kovnatsky and M. M. Bronstein and A. M. Bronstein and K. Glashoff and R. Kimmel},
	Booktitle = {Eurographics'13},
	Owner = {fanwang},
	Pages = {439-448},
	Timestamp = {2014.01.20},
	Title = {Coupled quasi-harmonic bases},
	Year = {2013}}

@inproceedings{Kraevoy:2004:CP,
	Acmid = {1015811},
	Address = {New York, NY, USA},
	Author = {Kraevoy, Vladislav and Sheffer, Alla},
	Booktitle = {ACM SIGGRAPH 2004 Papers},
	Doi = {http://doi.acm.org/10.1145/1186562.1015811},
	Keywords = {Modeling -- Mesh generation, Modeling -- Polygonal modeling, Modeling -- Shape blending/Morphing, Modeling -- Surface parameterization},
	Location = {Los Angeles, California},
	Numpages = {9},
	Pages = {861--869},
	Publisher = {ACM},
	Series = {SIGGRAPH '04},
	Title = {Cross-parameterization and compatible remeshing of 3D models},
	Url = {http://doi.acm.org/10.1145/1186562.1015811},
	Year = {2004},
	Bdsk-Url-1 = {http://doi.acm.org/10.1145/1186562.1015811}}

@inproceedings{Kraevoy:2008:NRC,
	Acmid = {1409064},
	Address = {New York, NY, USA},
	Articleno = {111},
	Author = {Kraevoy, Vladislav and Sheffer, Alla and Shamir, Ariel and Cohen-Or, Daniel},
	Booktitle = {ACM SIGGRAPH Asia 2008 papers},
	Doi = {10.1145/1457515.1409064},
	Isbn = {978-1-4503-1831-0},
	Keywords = {3D meshes, resizing, scaling, transformations},
	Location = {Singapore},
	Numpages = {9},
	Pages = {111:1--111:9},
	Publisher = {ACM},
	Series = {SIGGRAPH Asia '08},
	Title = {Non-homogeneous resizing of complex models},
	Url = {http://doi.acm.org/10.1145/1457515.1409064},
	Year = {2008},
	Bdsk-Url-1 = {http://doi.acm.org/10.1145/1457515.1409064},
	Bdsk-Url-2 = {http://dx.doi.org/10.1145/1457515.1409064}}

@inproceedings{Kreavoy:2007:MIC,
	Acmid = {1338562},
	Address = {Washington, DC, USA},
	Author = {Kreavoy, Vladislav and Julius, Dan and Sheffer, Alla},
	Booktitle = {Proceedings of the 15th Pacific Conference on Computer Graphics and Applications},
	Doi = {10.1109/PG.2007.43},
	Isbn = {0-7695-3009-5},
	Numpages = {10},
	Pages = {129--138},
	Publisher = {IEEE Computer Society},
	Title = {Model Composition from Interchangeable Components},
	Url = {http://dl.acm.org/citation.cfm?id=1338439.1338562},
	Year = {2007},
	Bdsk-Url-1 = {http://dl.acm.org/citation.cfm?id=1338439.1338562},
	Bdsk-Url-2 = {http://dx.doi.org/10.1109/PG.2007.43}}

@inproceedings{Krishnan:2005:GMR,
	Author = {Krishnan, Shankar and Lee, Pei Yean and Moore, John B. and Venkatasubramanian, Suresh},
	Series = {SGP '05},
	Title = {Global registration of multiple 3D point sets via optimization-on-a-manifold},
	Year = {2005}}

@inproceedings{kuhntu:1951:NP,
	Author = {Kuhn, H.W. and Tucker, A.W.},
	Booktitle = {Proceedings of the Second Berkeley Symposium on Mathematical Statistics and Probability},
	Editor = {Neyman, J.},
	Pages = {481-492},
	Publisher = {University of California Press, Berkeley, California},
	Title = {Nonlinear programming},
	Year = {1951}}

@article{Kumar:2009:MAP,
	Author = {Kumar, M. Pawan and Kolmogorov, Vladimir and Torr, Philip H. S.},
	Journal = {Journal of Machine Learning Research},
	Pages = {71--106},
	Title = {An Analysis of Convex Relaxations for {MAP} Estimation of Discrete {MRFs}},
	Volume = {10},
	Year = {2009}}

@inproceedings{Lafferty:2001:CRF,
	Acmid = {655813},
	Address = {San Francisco, CA, USA},
	Author = {Lafferty, John D. and McCallum, Andrew and Pereira, Fernando C. N.},
	Booktitle = {Proceedings of the Eighteenth International Conference on Machine Learning},
	Isbn = {1-55860-778-1},
	Numpages = {8},
	Pages = {282--289},
	Publisher = {Morgan Kaufmann Publishers Inc.},
	Series = {ICML '01},
	Title = {Conditional Random Fields: Probabilistic Models for Segmenting and Labeling Sequence Data},
	Url = {http://portal.acm.org/citation.cfm?id=645530.655813},
	Year = {2001},
	Bdsk-Url-1 = {http://portal.acm.org/citation.cfm?id=645530.655813}}

@inproceedings{Lai:2008:FMS,
	Acmid = {1364927},
	Address = {New York, NY, USA},
	Author = {Lai, Yu-Kun and Hu, Shi-Min and Martin, Ralph R. and Rosin, Paul L.},
	Booktitle = {Proceedings of the 2008 ACM symposium on Solid and physical modeling},
	Doi = {http://doi.acm.org/10.1145/1364901.1364927},
	Isbn = {978-1-60558-106-4},
	Keywords = {interactive, mesh segmentation, random walks},
	Location = {Stony Brook, New York},
	Numpages = {9},
	Pages = {183--191},
	Publisher = {ACM},
	Series = {SPM '08},
	Title = {Fast mesh segmentation using random walks},
	Url = {http://doi.acm.org/10.1145/1364901.1364927},
	Year = {2008},
	Bdsk-Url-1 = {http://doi.acm.org/10.1145/1364901.1364927}}

@article{Lensch:2003:IRS,
	Author = {Lensch, Hendrik P. A. and Kautz, Jan and Goesele, Michael and Heidrich, Wolfgang and Seidel, Hans-Peter},
	Issn = {0730-0301},
	Issue_Date = {April 2003},
	Journal = {ACM Trans. Graph.},
	Month = apr,
	Number = {2},
	Pages = {234--257},
	Title = {Image-based Reconstruction of Spatial Appearance and Geometric Detail},
	Volume = {22},
	Year = {2003}}

@inproceedings{Leordeanu:2006:EMA,
	Author = {Leordeanu, Marius and Hebert, Martial},
	Pages = {545--552},
	Series = {ICML '06},
	Title = {Efficient MAP approximation for dense energy functions},
	Year = {2006}}

@inproceedings{Leordeanu:2005:SM,
	Author = {Leordeanu, Marius and Hebert, Martial},
	Isbn = {0-7695-2334-X-02},
	Numpages = {8},
	Pages = {1482--1489},
	Series = {ICCV '05},
	Title = {A Spectral Technique for Correspondence Problems Using Pairwise Constraints},
	Year = {2005}}

@inproceedings{Levin:2007:DCA,
	Acmid = {1276464},
	Address = {New York, NY, USA},
	Articleno = {70},
	Author = {Levin, Anat and Fergus, Rob and Durand, Fr\'{e}do and Freeman, William T.},
	Booktitle = {ACM SIGGRAPH 2007 papers},
	Doi = {http://doi.acm.org/10.1145/1275808.1276464},
	Keywords = {coded imaging, computational photography, deblurring, depth of field, image statistics, range estimation},
	Location = {San Diego, California},
	Publisher = {ACM},
	Series = {SIGGRAPH '07},
	Title = {Image and depth from a conventional camera with a coded aperture},
	Url = {http://doi.acm.org/10.1145/1275808.1276464},
	Year = {2007},
	Bdsk-Url-1 = {http://doi.acm.org/10.1145/1275808.1276464}}

@article{Li:2008:GCO,
	Author = {Li, Hao and Sumner, Robert W. and Pauly, Mark},
	Booktitle = {Eurographics Symposium on Geometry Processing},
	Journal = {Computer Graphics Forum},
	Number = {5},
	Pages = {1421--1430},
	Title = {Global correspondence optimization for non-rigid registration of depth scans},
	Volume = {27},
	Year = {2008}}

@inproceedings{Li:2006:RFT,
	Author = {M. Li and F. C. Langbein and R. R. Martin},
	Booktitle = {Proc. Geometric Modeling and Processing; LNCS},
	Pages = {267--286},
	Publisher = {Springer},
	Title = {Constructing Regularity Feature Trees for Solid Models},
	Year = {2006}}

@book{Li:2009:MRF,
	Author = {Li, Stan Z.},
	Edition = {3rd},
	Isbn = {9781848002784},
	Publisher = {Springer Publishing Company, Incorporated},
	Title = {Markov Random Field Modeling in Image Analysis},
	Year = {2009}}

@inproceedings{Li:2011:GF,
	Acmid = {1964947},
	Address = {New York, NY, USA},
	Articleno = {52},
	Author = {Li, Yangyan and Wu, Xiaokun and Chrysathou, Yiorgos and Sharf, Andrei and Cohen-Or, Daniel and Mitra, Niloy J.},
	Booktitle = {ACM SIGGRAPH 2011 papers},
	Doi = {http://doi.acm.org/10.1145/1964921.1964947},
	Isbn = {978-1-4503-0943-1},
	Keywords = {3D scanning, RANSAC, data fitting, global relations, symmetry relations},
	Location = {Vancouver, British Columbia, Canada},
	Numpages = {12},
	Pages = {52:1--52:12},
	Publisher = {ACM},
	Series = {SIGGRAPH '11},
	Title = {GlobFit: consistently fitting primitives by discovering global relations},
	Url = {http://doi.acm.org/10.1145/1964921.1964947},
	Year = {2011},
	Bdsk-Url-1 = {http://doi.acm.org/10.1145/1964921.1964947}}

@article{Lin:2007:SGS,
	Author = {Hsueh-Yi Sean Lin and Hong-Yuan Mark Liao and Ja-Chen Lin},
	Bibsource = {DBLP, http://dblp.uni-trier.de},
	Ee = {http://dx.doi.org/10.1109/TMM.2006.886344},
	Journal = {IEEE Transactions on Multimedia},
	Number = {1},
	Pages = {46-57},
	Title = {Visual Salience-Guided Mesh Decomposition},
	Volume = {9},
	Year = {2007}}

@article{Lin:2011:ALM,
	Author = {Lin, Zhouchen and Chen, Minming and Ma, Yi},
	Eprint = {1009.5055},
	Keywords = {computer\_vision, machine\_learning},
	Title = {The Augmented {L}agrange Multiplier Method for Exact Recovery of Corrupted Low-Rank Matrices},
	Url = {http://arxiv.org/abs/1009.5055},
	Year = {2011},
	Bdsk-Url-1 = {http://arxiv.org/abs/1009.5055}}

@article{Lipman:2009:MVC,
	Articleno = {72},
	Author = {Lipman, Yaron and Funkhouser, Thomas},
	Issn = {0730-0301},
	Issue_Date = {August 2009},
	Journal = {ACM Trans. Graph.},
	Month = jul,
	Number = {3},
	Numpages = {12},
	Pages = {72:1--72:12},
	Title = {Mobius voting for surface correspondence},
	Volume = {28},
	Year = {2009}}

@inproceedings{Lipman:2005:LRC,
	Acmid = {1073217},
	Address = {New York, NY, USA},
	Author = {Lipman, Yaron and Sorkine, Olga and Levin, David and Cohen-Or, Daniel},
	Booktitle = {ACM SIGGRAPH 2005 Papers},
	Doi = {http://doi.acm.org/10.1145/1186822.1073217},
	Keywords = {local frames, mesh editing, rigid-motion invariant shape representation, shape blending},
	Location = {Los Angeles, California},
	Numpages = {9},
	Pages = {479--487},
	Publisher = {ACM},
	Series = {SIGGRAPH '05},
	Title = {Linear rotation-invariant coordinates for meshes},
	Url = {http://doi.acm.org/10.1145/1186822.1073217},
	Year = {2005},
	Bdsk-Url-1 = {http://doi.acm.org/10.1145/1186822.1073217}}

@inproceedings{Lipp:2008:VEG,
	Acmid = {1360701},
	Address = {New York, NY, USA},
	Articleno = {102},
	Author = {Lipp, Markus and Wonka, Peter and Wimmer, Michael},
	Booktitle = {ACM SIGGRAPH 2008 papers},
	Doi = {http://doi.acm.org/10.1145/1399504.1360701},
	Isbn = {978-1-4503-0112-1},
	Keywords = {architectural modeling, procedural modeling, shape grammars, usability},
	Location = {Los Angeles, California},
	Numpages = {10},
	Pages = {102:1--102:10},
	Publisher = {ACM},
	Series = {SIGGRAPH '08},
	Title = {Interactive visual editing of grammars for procedural architecture},
	Url = {http://doi.acm.org/10.1145/1399504.1360701},
	Year = {2008},
	Bdsk-Url-1 = {http://doi.acm.org/10.1145/1399504.1360701}}

@article{Liu:2007:SES,
	Author = {Rong Liu and Hao Zhang 0002},
	Bibsource = {DBLP, http://dblp.uni-trier.de},
	Ee = {http://dx.doi.org/10.1111/j.1467-8659.2007.01061.x},
	Journal = {Comput. Graph. Forum},
	Number = {3},
	Pages = {385-394},
	Title = {Mesh Segmentation via Spectral Embedding and Contour Analysis},
	Volume = {26},
	Year = {2007}}

@inproceedings{Liu:2007:SPR,
	Author = {Shenglan Liu and Ralph R. Martin and Frank C. Langbein and Paul L. Rosin},
	Bibsource = {DBLP, http://dblp.uni-trier.de},
	Booktitle = {IMA Conference on the Mathematics of Surfaces},
	Ee = {http://dx.doi.org/10.1007/978-3-540-73843-5_18},
	Pages = {290-306},
	Title = {Segmenting Periodic Reliefs on Triangle Meshes},
	Year = {2007}}

@article{DBLP:journals/pieee/LiuWC12,
	Author = {Wei Liu and Jun Wang and Shih-Fu Chang},
	Bibsource = {DBLP, http://dblp.uni-trier.de},
	Ee = {http://dx.doi.org/10.1109/JPROC.2012.2197809},
	Journal = {Proceedings of the IEEE},
	Number = {9},
	Pages = {2624-2638},
	Title = {Robust and Scalable Graph-Based Semisupervised Learning},
	Volume = {100},
	Year = {2012}}

@inproceedings{Liu:2006:SML,
	Author = {Liu, Yi and Jin, Rong and Yang, Liu},
	Pages = {421--426},
	Series = {AAAI'06},
	Title = {Semi-supervised multi-label learning by constrained non-negative matrix factorization},
	Year = {2006}}

@inproceedings{Liu:2004:NRT,
	Acmid = {1015731},
	Address = {New York, NY, USA},
	Author = {Liu, Yanxi and Lin, Wen-Chieh and Hays, James},
	Booktitle = {ACM SIGGRAPH 2004 Papers},
	Doi = {http://doi.acm.org/10.1145/1186562.1015731},
	Keywords = {deformation field, near-regular texture, texture analysis, texture manipulation, texture replacement, texture synthesis},
	Location = {Los Angeles, California},
	Numpages = {9},
	Pages = {368--376},
	Publisher = {ACM},
	Series = {SIGGRAPH '04},
	Title = {Near-regular texture analysis and manipulation},
	Url = {http://doi.acm.org/10.1145/1186562.1015731},
	Year = {2004},
	Bdsk-Url-1 = {http://doi.acm.org/10.1145/1186562.1015731}}

@inproceedings{Liu:2006:MCD,
	Acmid = {1141941},
	Address = {New York, NY, USA},
	Author = {Liu, Yang and Pottmann, Helmut and Wallner, Johannes and Yang, Yong-Liang and Wang, Wenping},
	Booktitle = {ACM SIGGRAPH 2006 Papers},
	Doi = {http://doi.acm.org/10.1145/1179352.1141941},
	Isbn = {1-59593-364-6},
	Keywords = {developable subdivision surface, developable surface, discrete differential geometry, nonlinear subdivision, offset mesh, principal mesh, quad mesh, surfaces in architecture},
	Location = {Boston, Massachusetts},
	Numpages = {9},
	Pages = {681--689},
	Publisher = {ACM},
	Series = {SIGGRAPH '06},
	Title = {Geometric modeling with conical meshes and developable surfaces},
	Url = {http://doi.acm.org/10.1145/1179352.1141941},
	Year = {2006},
	Bdsk-Url-1 = {http://doi.acm.org/10.1145/1179352.1141941}}

@article{Lloyd:1982:LSQ,
	Author = {Stuart P. Lloyd},
	Journal = {IEEE Transactions on Information Theory},
	Pages = {129--137},
	Title = {Least squares quantization in pcm},
	Volume = {28},
	Year = {1982}}

@inproceedings{Loeff:2009:UDI,
	Author = {Loeff, N. and Farhadi, A. and Endres, I. and Forsyth, D.A.},
	Booktitle = {ICCV'09},
	Pages = {956-962},
	Title = {Unlabeled data improves word prediction},
	Year = {2009}}

@book{Luenberger:2008:NLP,
	Author = {David G. Luenberger and Yinyu Ye},
	Publisher = {Springer},
	Title = {Linear and Nonlinear Programming, Third Edition},
	Year = {2008}}

@inproceedings{Muller:2006:PMB,
	Acmid = {1141931},
	Address = {New York, NY, USA},
	Author = {M\"{u}ller, Pascal and Wonka, Peter and Haegler, Simon and Ulmer, Andreas and Van Gool, Luc},
	Booktitle = {ACM SIGGRAPH 2006 Papers},
	Doi = {http://doi.acm.org/10.1145/1179352.1141931},
	Isbn = {1-59593-364-6},
	Keywords = {Chomsky grammars, L-systems, architecture, computer-aided design, procedural modeling},
	Location = {Boston, Massachusetts},
	Numpages = {10},
	Pages = {614--623},
	Publisher = {ACM},
	Series = {SIGGRAPH '06},
	Title = {Procedural modeling of buildings},
	Url = {http://doi.acm.org/10.1145/1179352.1141931},
	Year = {2006},
	Bdsk-Url-1 = {http://doi.acm.org/10.1145/1179352.1141931}}

@inproceedings{Muller:2007:IPM,
	Acmid = {1276484},
	Address = {New York, NY, USA},
	Articleno = {85},
	Author = {M\"{u}ller, Pascal and Zeng, Gang and Wonka, Peter and Van Gool, Luc},
	Booktitle = {ACM SIGGRAPH 2007 papers},
	Doi = {http://doi.acm.org/10.1145/1275808.1276484},
	Keywords = {architecture, design computation, image-based modeling, procedural modeling, urban reconstruction},
	Location = {San Diego, California},
	Publisher = {ACM},
	Series = {SIGGRAPH '07},
	Title = {Image-based procedural modeling of facades},
	Url = {http://doi.acm.org/10.1145/1275808.1276484},
	Year = {2007},
	Bdsk-Url-1 = {http://doi.acm.org/10.1145/1275808.1276484}}

@article{Mangan:1999:PSM,
	Acmid = {614439},
	Address = {Piscataway, NJ, USA},
	Author = {Mangan, Alan P. and Whitaker, Ross T.},
	Doi = {10.1109/2945.817348},
	Issn = {1077-2626},
	Issue = {4},
	Journal = {IEEE Trans. Vis. Comput. Graph.},
	Keywords = {Surfaces, surface segmentation, watershed algorithm, curvature-based methods.},
	Month = {October},
	Numpages = {14},
	Pages = {308--321},
	Publisher = {IEEE Educational Activities Department},
	Title = {Partitioning 3D Surface Meshes Using Watershed Segmentation},
	Url = {http://dl.acm.org/citation.cfm?id=614276.614439},
	Volume = {5},
	Year = {1999},
	Bdsk-Url-1 = {http://dl.acm.org/citation.cfm?id=614276.614439},
	Bdsk-Url-2 = {http://dx.doi.org/10.1109/2945.817348}}

@article{Marande:2007:DNA,
	Author = {William Marande and Gertraud Burger},
	Issn = {0162-8828},
	Journal = {Science},
	Month = {October},
	Pages = {415},
	Title = {Mitochondrial DNA as a Genomic Jigsaw Puzzle},
	Volume = {318},
	Year = {2007}}

@phdthesis{MARTINET:2007:TEL,
	Affiliation = {ARTIS - INRIA Grenoble Rh{\^o}ne-Alpes / LJK Laboratoire Jean Kuntzmann - CNRS : FR71 - INRIA - Laboratoire Jean Kuntzmann - CNRS : UMR5224 - Universit{\'e} Joseph Fourier - Grenoble I - Institut National Polytechnique de Grenoble - INPG},
	Author = {Martinet, Aur{\'e}lien},
	Keywords = {Informatique graphique, G{\'e}om{\'e}trie algorithmique, structure d'objets, harmoniques sph{\'e}riques},
	Month = Mar,
	School = {Institut National Polytechnique de Grenoble - INPG},
	Title = {Structuring 3D Geometry based on Symmetry and Instancing Information},
	Type = {THESE},
	Year = {2007}}

@article{Martinet:2006:ASD,
	Acmid = {1138462},
	Address = {New York, NY, USA},
	Author = {Martinet, Aur\'{e}lien and Soler, Cyril and Holzschuch, Nicolas and Sillion, Fran\c{c}ois X.},
	Doi = {http://doi.acm.org/10.1145/1138450.1138462},
	Issn = {0730-0301},
	Issue = {2},
	Journal = {ACM Trans. Graph.},
	Month = {April},
	Numpages = {26},
	Pages = {439--464},
	Publisher = {ACM},
	Title = {Accurate detection of symmetries in 3D shapes},
	Url = {http://doi.acm.org/10.1145/1138450.1138462},
	Volume = {25},
	Year = {2006},
	Bdsk-Url-1 = {http://doi.acm.org/10.1145/1138450.1138462}}

@inproceedings{McClure:1987:GM,
	Author = {McClure, S. Geman And D.E.},
	Booktitle = {Proceedings of the 46th Session of the International Statistical Institute, Bulletin of the ISI, 52},
	Title = {{Statistical methods for tomographic image reconstruction}},
	Year = {1987}}

@article{Miller95wordnet:a,
	Author = {George A. Miller},
	Journal = {Communications of the ACM},
	Pages = {39--41},
	Title = {WordNet: A Lexical Database for English},
	Volume = {38},
	Year = {1995}}

@inproceedings{Mitra:2010:IRD,
	Author = {Niloy J. Mitra and Alexander M. Bronstein and Michael M. Bronstein},
	Bibsource = {DBLP, http://dblp.uni-trier.de},
	Booktitle = {Computer Vision - ECCV 2010, 11th European Conference on Computer Vision, Heraklion, Crete, Greece, September 5-11, 2010, Proceedings, Part III},
	Ee = {http://dx.doi.org/10.1007/978-3-642-15558-1_29},
	Pages = {398-410},
	Title = {Intrinsic Regularity Detection in 3D Geometry},
	Year = {2010}}

@inproceedings{Mitra:2006:PAS,
	Author = {Mitra, Niloy J. and Guibas, Leonidas J. and Pauly, Mark},
	Numpages = {9},
	Pages = {560--568},
	Series = {SIGGRAPH '06},
	Title = {Partial and approximate symmetry detection for 3D geometry},
	Year = {2006}}

@article{Moreels:2007:EFD,
	Author = {Moreels, Pierre and Perona, Pietro},
	Issn = {0920-5691},
	Issue_Date = {July 2007},
	Journal = {Int. J. Comput. Vision},
	Month = jul,
	Number = {3},
	Pages = {263--284},
	Title = {Evaluation of Features Detectors and Descriptors based on 3D Objects},
	Volume = {73},
	Year = {2007}}

@article{Memoli:2005:IIR,
	Author = {Facundo M{\'e}moli and Guillermo Sapiro},
	Bibsource = {DBLP, http://dblp.uni-trier.de},
	Ee = {http://dx.doi.org/10.1007/s10208-004-0145-y},
	Journal = {Foundations of Computational Mathematics},
	Number = {3},
	Pages = {313-347},
	Title = {A Theoretical and Computational Framework for Isometry Invariant Recognition of Point Cloud Data},
	Volume = {5},
	Year = {2005}}

@article{Nan:2012:SAC,
	Author = {Nan, Liangliang and Xie, Ke and Sharf, Andrei},
	Issn = {0730-0301},
	Issue_Date = {November 2012},
	Journal = {ACM Trans. Graph.},
	Month = nov,
	Number = {6},
	Pages = {137:1--137:10},
	Title = {A Search-classify Approach for Cluttered Indoor Scene Understanding},
	Volume = {31},
	Year = {2012}}

@inproceedings{Natterer:2002:RS,
	Author = {J. Natterer and N. Burger and A. M{\"u}ller},
	Booktitle = {Proc. 5th Intl. Conf. Space Structures},
	Pages = {185-193},
	Title = {The roof structure ``{E}xpodach'' at theworld exhibition {H}annover},
	Year = {2002}}

@inproceedings{Ng:2001:SC,
	Author = {Andrew Y. Ng and Michael I. Jordan and Yair Weiss},
	Booktitle = {ADVANCES IN NEURAL INFORMATION PROCESSING SYSTEMS},
	Number = {14},
	Pages = {849--856},
	Publisher = {MIT Press},
	Title = {On Spectral Clustering: Analysis and an algorithm},
	Volume = {14},
	Year = {2001}}

@article{Nguyen:2011:CSM,
	Author = {A. Nguyen and M. Ben-Chen and K. Welnicka and Y. Ye and L. Guibas},
	Booktitle = {Euragrphics Symposium on Geometry Processing},
	Journal = {Computer Graphics Forum},
	Number = {5},
	Pages = {1481-1491},
	Title = {An Optimization Approach to Improving Collections of Shape Maps},
	Volume = {30},
	Year = {2011}}

@article{Osada:2002:SD,
	Author = {Osada, Robert and Funkhouser, Thomas and Chazelle, Bernard and Dobkin, David},
	Issn = {0730-0301},
	Issue = {4},
	Journal = {ACM Trans. Graph.},
	Month = {October},
	Numpages = {26},
	Pages = {807--832},
	Title = {Shape distributions},
	Volume = {21},
	Year = {2002}}

@article{OvsjanikovBCG13,
	Author = {Maks Ovsjanikov and Mirela Ben-Chen and Fr{\'e}d{\'e}ric Chazal and Leonidas J. Guibas},
	Bibsource = {DBLP, http://dblp.uni-trier.de},
	Ee = {http://dx.doi.org/10.1111/cgf.12076},
	Journal = {Comput. Graph. Forum},
	Number = {6},
	Pages = {135-145},
	Title = {Analysis and Visualization of Maps Between Shapes},
	Volume = {32},
	Year = {2013}}

@article{fmfrmbs-obsbg-12,
	Author = {Maks Ovsjanikov and Mirela Ben-Chen and Justin Solomon and Adrian Butscher and Leonidas Guibas},
	Journal = {ACM Transactions on Graphics},
	Number = {4},
	Title = {Functional Maps: A Flexible Representation of Maps Between Shapes},
	Volume = {31},
	Year = {2012}}

@article{Ovsjanikov:2012:FMF,
	Author = {Ovsjanikov, Maks and Ben-Chen, Mirela and Solomon, Justin and Butscher, Adrian and Guibas, Leonidas},
	Issn = {0730-0301},
	Issue_Date = {July 2012},
	Journal = {ACM Trans. Graph.},
	Month = jul,
	Number = {4},
	Pages = {30:1--30:11},
	Title = {Functional Maps: A Flexible Representation of Maps Between Shapes},
	Volume = {31},
	Year = {2012}}

@article{Ovsjanikov:2010:OPM,
	Audience = {international},
	Author = {Ovsjanikov, Maks and M{\'e}rigot, Quentin and M{\'e}moli, Facundo and Guibas, Leonidas J.},
	Doi = {10.1111/j.1467-8659.2010.01764.x},
	Journal = {Computer Graphics Forum},
	Month = Jul,
	Number = {5},
	Pages = {1555--1564},
	Title = {{One Point Isometric Matching with the Heat Kernel}},
	Volume = {29},
	Year = {2010},
	Bdsk-Url-1 = {http://dx.doi.org/10.1111/j.1467-8659.2010.01764.x}}

@article{Ovsjanikov:2008:GIS,
	Author = {Maks Ovsjanikov and Jian Sun and Leonidas J. Guibas},
	Bibsource = {DBLP, http://dblp.uni-trier.de},
	Ee = {http://dx.doi.org/10.1111/j.1467-8659.2008.01273.x},
	Journal = {Comput. Graph. Forum},
	Number = {5},
	Pages = {1341-1348},
	Title = {Global Intrinsic Symmetries of Shapes},
	Volume = {27},
	Year = {2008}}

@book{Palmer:1999:VS,
	Author = {Stephen E. Palmer},
	Publisher = {MIT Press},
	Title = {Vision Science: Photons to Phenomenology},
	Year = {1999}}

@article{Park:2009:DLD,
	Acmid = {1608768},
	Address = {Washington, DC, USA},
	Author = {Park, Minwoo and Brocklehurst, Kyle and Collins, Robert T. and Liu, Yanxi},
	Doi = {http://dx.doi.org/10.1109/TPAMI.2009.73},
	Issn = {0162-8828},
	Issue = {10},
	Issue_Date = {October 2009},
	Journal = {IEEE Trans. Pattern Anal. Mach. Intell.},
	Keywords = {Belief propagation, MRF, mean shift, lattice detection, wallpaper patterns.},
	Month = {October},
	Numpages = {13},
	Pages = {1804--1816},
	Publisher = {IEEE Computer Society},
	Title = {Deformed Lattice Detection in Real-World Images Using Mean-Shift Belief Propagation},
	Url = {http://dx.doi.org/10.1109/TPAMI.2009.73},
	Volume = {31},
	Year = {2009},
	Bdsk-Url-1 = {http://dx.doi.org/10.1109/TPAMI.2009.73}}

@article{Pauly:2003:MFE,
	Author = {Mark Pauly and Richard Keiser and Markus Gross},
	Journal = {Comput. Graph. Forum (Proc. Eurographics)},
	Number = {3},
	Pages = {281--290},
	Title = {Multi-scale Feature Extraction on Point-sampled Surfaces},
	Url = {http://diglib.eg.org/EG/CGF/volume22/issue3/cgf_675.html},
	Volume = {22},
	Year = {2003},
	Bdsk-Url-1 = {http://diglib.eg.org/EG/CGF/volume22/issue3/cgf_675.html}}

@inproceedings{Pauly:2008:DSR,
	Acmid = {1360642},
	Address = {New York, NY, USA},
	Articleno = {43},
	Author = {Pauly, Mark and Mitra, Niloy J. and Wallner, Johannes and Pottmann, Helmut and Guibas, Leonidas J.},
	Booktitle = {ACM SIGGRAPH 2008 papers},
	Doi = {http://doi.acm.org/10.1145/1399504.1360642},
	Isbn = {978-1-4503-0112-1},
	Keywords = {regular structure, repetitive pattern, shape analysis, similarity transformation, transformation group},
	Location = {Los Angeles, California},
	Numpages = {11},
	Pages = {43:1--43:11},
	Publisher = {ACM},
	Series = {SIGGRAPH '08},
	Title = {Discovering structural regularity in 3D geometry},
	Url = {http://doi.acm.org/10.1145/1399504.1360642},
	Year = {2008},
	Bdsk-Url-1 = {http://doi.acm.org/10.1145/1399504.1360642}}

@article{Pekelny:2008:AOR,
	Added-At = {2009-09-29T19:54:46.000+0200},
	Author = {Pekelny and Yuri and Gotsman and Craig},
	Biburl = {http://www.bibsonomy.org/bibtex/24273bb1fcb1bac9e8d0706ec25d862ab/dudemeister},
	Doi = {10.1111/j.1467-8659.2008.01137.x},
	Issn = {0167-7055},
	Journal = {Computer Graphics Forum},
	Keywords = {depth\_camera motion\_capture},
	Month = apr,
	Number = {2},
	Pages = {399--408},
	Timestamp = {2009-09-29T19:54:46.000+0200},
	Title = {Articulated Object Reconstruction and Markerless Motion Capture from Depth Video},
	Url = {http://dx.doi.org/10.1111/j.1467-8659.2008.01137.x},
	Volume = {27},
	Year = {2008},
	Bdsk-Url-1 = {http://dx.doi.org/10.1111/j.1467-8659.2008.01137.x}}

@inproceedings{Pirazzi:2006:GLS,
	Author = {Claudio Pirazzi and Yves Weinand},
	Booktitle = {Proc. World Conference on Timber Engineering},
	Note = {7pp.},
	Title = {Geodesic lines on free-form surfaces:optimized grids for timber rib shells},
	Year = {2006}}

@inproceedings{Podolak:2006:PRS,
	Acmid = {1141923},
	Address = {New York, NY, USA},
	Author = {Podolak, Joshua and Shilane, Philip and Golovinskiy, Aleksey and Rusinkiewicz, Szymon and Funkhouser, Thomas},
	Booktitle = {ACM SIGGRAPH 2006 Papers},
	Doi = {http://doi.acm.org/10.1145/1179352.1141923},
	Isbn = {1-59593-364-6},
	Keywords = {matching, registration, segmentation, shape analysis, symmetry, viewpoint selection},
	Location = {Boston, Massachusetts},
	Numpages = {11},
	Pages = {549--559},
	Publisher = {ACM},
	Series = {SIGGRAPH '06},
	Title = {A planar-reflective symmetry transform for 3D shapes},
	Url = {http://doi.acm.org/10.1145/1179352.1141923},
	Year = {2006},
	Bdsk-Url-1 = {http://doi.acm.org/10.1145/1179352.1141923}}

@inproceedings{Pottmann:2010:GP,
	Acmid = {1778780},
	Address = {New York, NY, USA},
	Articleno = {43},
	Author = {Pottmann, Helmut and Huang, Qixing and Deng, Bailin and Schiftner, Alexander and Kilian, Martin and Guibas, Leonidas and Wallner, Johannes},
	Booktitle = {ACM SIGGRAPH 2010 papers},
	Doi = {http://doi.acm.org/10.1145/1833349.1778780},
	Isbn = {978-1-4503-0210-4},
	Keywords = {Jacobi field, architectural geometry, cladding, computational differential geometry, freeform surface, geodesic, geometry of webs, pattern, timber rib shell},
	Location = {Los Angeles, California},
	Numpages = {10},
	Pages = {43:1--43:10},
	Publisher = {ACM},
	Series = {SIGGRAPH '10},
	Title = {Geodesic patterns},
	Url = {http://doi.acm.org/10.1145/1833349.1778780},
	Year = {2010},
	Bdsk-Url-1 = {http://doi.acm.org/10.1145/1833349.1778780}}

@inproceedings{Pottmann:2007:FSA,
	Acmid = {1276458},
	Address = {New York, NY, USA},
	Articleno = {65},
	Author = {Pottmann, Helmut and Liu, Yang and Wallner, Johannes and Bobenko, Alexander and Wang, Wenping},
	Booktitle = {ACM SIGGRAPH 2007 papers},
	Doi = {http://doi.acm.org/10.1145/1275808.1276458},
	Keywords = {Koebe polyhedron, curvatures, discrete differential geometry, edge offset, hexagonal mesh, multi-layer construction, offset mesh, parallel mesh, support structure, surfaces in architecture},
	Location = {San Diego, California},
	Publisher = {ACM},
	Series = {SIGGRAPH '07},
	Title = {Geometry of multi-layer freeform structures for architecture},
	Url = {http://doi.acm.org/10.1145/1275808.1276458},
	Year = {2007},
	Bdsk-Url-1 = {http://doi.acm.org/10.1145/1275808.1276458}}

@inproceedings{Pottmann:2008:SCP,
	Acmid = {1360675},
	Address = {New York, NY, USA},
	Articleno = {76},
	Author = {Pottmann, Helmut and Schiftner, Alexander and Bo, Pengbo and Schmiedhofer, Heinz and Wang, Wenping and Baldassini, Niccolo and Wallner, Johannes},
	Booktitle = {ACM SIGGRAPH 2008 papers},
	Doi = {http://doi.acm.org/10.1145/1399504.1360675},
	Isbn = {978-1-4503-0112-1},
	Keywords = {architectural geometry, circular strip model, conical strip model, developable strip model, developable surface, discrete differential geometry, focal surface, freeform surface, geodesic strip model, panelization, principal strip model, semi-discrete surface},
	Location = {Los Angeles, California},
	Numpages = {10},
	Pages = {76:1--76:10},
	Publisher = {ACM},
	Series = {SIGGRAPH '08},
	Title = {Freeform surfaces from single curved panels},
	Url = {http://doi.acm.org/10.1145/1399504.1360675},
	Year = {2008},
	Bdsk-Url-1 = {http://doi.acm.org/10.1145/1399504.1360675}}

@article{Pottmann:2009:IIR,
	Acmid = {1464795},
	Address = {Amsterdam, The Netherlands, The Netherlands},
	Author = {Pottmann, Helmut and Wallner, Johannes and Huang, Qi-Xing and Yang, Yong-Liang},
	Doi = {10.1016/j.cagd.2008.01.002},
	Issn = {0167-8396},
	Issue = {1},
	Journal = {Comput. Aided Geom. Des.},
	Keywords = {3D shape understanding, Curvature, Geometry processing, Integral invariant, Stability},
	Month = {January},
	Numpages = {24},
	Pages = {37--60},
	Publisher = {Elsevier Science Publishers B. V.},
	Title = {Integral invariants for robust geometry processing},
	Url = {http://dl.acm.org/citation.cfm?id=1464516.1464795},
	Volume = {26},
	Year = {2009},
	Bdsk-Url-1 = {http://dl.acm.org/citation.cfm?id=1464516.1464795},
	Bdsk-Url-2 = {http://dx.doi.org/10.1016/j.cagd.2008.01.002}}

@article{Rand:1971:ECM,
	Author = {Rand, W M},
	Journal = {Journal of the American Statistical Association},
	Number = {336},
	Pages = {846--850},
	Publisher = {JSTOR},
	Title = {Objective Criteria for the Evaluation of Clustering Methods},
	Url = {http://www.jstor.org/stable/2284239},
	Volume = {66},
	Year = {1971},
	Bdsk-Url-1 = {http://www.jstor.org/stable/2284239}}

@article{Ravikumar:2010:MLP,
	Acmid = {1756040},
	Author = {Ravikumar, Pradeep and Agarwal, Alekh and Wainwright, Martin J.},
	Issn = {1532-4435},
	Issue_Date = {3/1/2010},
	Journal = {J. Mach. Learn. Res.},
	Month = {March},
	Numpages = {38},
	Pages = {1043--1080},
	Publisher = {JMLR.org},
	Title = {Message-passing for Graph-structured Linear Programs: Proximal Methods and Rounding Schemes},
	Url = {http://dl.acm.org/citation.cfm?id=1756006.1756040},
	Volume = {11},
	Year = {2010},
	Bdsk-Url-1 = {http://dl.acm.org/citation.cfm?id=1756006.1756040}}

@article{Ray:2006:RGP,
	Acmid = {1183297},
	Address = {New York, NY, USA},
	Author = {Ray, Nicolas and Li, Wan Chiu and L\'{e}vy, Bruno and Sheffer, Alla and Alliez, Pierre},
	Doi = {http://doi.acm.org/10.1145/1183287.1183297},
	Issn = {0730-0301},
	Issue = {4},
	Issue_Date = {October 2006},
	Journal = {ACM Trans. Graph.},
	Keywords = {Mesh processing, conformality, parameterization},
	Month = {October},
	Numpages = {26},
	Pages = {1460--1485},
	Publisher = {ACM},
	Title = {Periodic global parameterization},
	Url = {http://doi.acm.org/10.1145/1183287.1183297},
	Volume = {25},
	Year = {2006},
	Bdsk-Url-1 = {http://doi.acm.org/10.1145/1183287.1183297}}

@inproceedings{Ren:2003:SP,
	Acmid = {946677},
	Address = {Washington, DC, USA},
	Author = {Ren, Xiaofeng and Malik, Jitendra},
	Booktitle = {Proceedings of the Ninth IEEE International Conference on Computer Vision - Volume 2},
	Isbn = {0-7695-1950-4},
	Pages = {10--17},
	Publisher = {IEEE Computer Society},
	Series = {ICCV '03},
	Title = {Learning a Classification Model for Segmentation},
	Url = {http://dl.acm.org/citation.cfm?id=946247.946677},
	Year = {2003},
	Bdsk-Url-1 = {http://dl.acm.org/citation.cfm?id=946247.946677}}

@article{Resende:1995:QAP,
	Author = {M. G. C. Resende and K. G. Ramakrishnan and Z. Drezner},
	Journal = {Operations Research},
	Pages = {781--791},
	Title = {Computing lower bounds for the quadratic assignment problem with an interior point algorithm for linear programming},
	Volume = {43},
	Year = {1995}}

@article{Rifkin:2004:DOC,
	Acmid = {1005336},
	Author = {Rifkin, Ryan and Klautau, Aldebaro},
	Issn = {1532-4435},
	Issue_Date = {12/1/2004},
	Journal = {J. Mach. Learn. Res.},
	Month = dec,
	Numpages = {41},
	Pages = {101--141},
	Publisher = {JMLR.org},
	Title = {In Defense of One-Vs-All Classification},
	Url = {http://dl.acm.org/citation.cfm?id=1005332.1005336},
	Volume = {5},
	Year = {2004},
	Bdsk-Url-1 = {http://dl.acm.org/citation.cfm?id=1005332.1005336}}

@article{Ritchie:1999:PD,
	Author = {David W. Ritchie and Graham J. L. Kemp},
	Journal = {Proteins},
	Pages = {178--194},
	Title = {Protein Docking Using Spherical Polar Fourier Correlations},
	Volume = {39},
	Year = {1999}}

@inproceedings{Roberts:2011:SFM,
	Author = {Richard Roberts and Sudipta N. Sinha and Richard Szeliski and Drew Steedly},
	Bibsource = {DBLP, http://dblp.uni-trier.de},
	Booktitle = {CVPR},
	Ee = {http://dx.doi.org/10.1109/CVPR.2011.5995549},
	Pages = {3137-3144},
	Title = {Structure from motion for scenes with large duplicate structures},
	Year = {2011}}

@inproceedings{Rother:2006:CS,
	Acmid = {1153458},
	Address = {Washington, DC, USA},
	Author = {Rother, Carsten and Minka, Tom and Blake, Andrew and Kolmogorov, Vladimir},
	Booktitle = {Proceedings of the 2006 IEEE Computer Society Conference on Computer Vision and Pattern Recognition - Volume 1},
	Doi = {10.1109/CVPR.2006.91},
	Isbn = {0-7695-2597-0},
	Numpages = {8},
	Pages = {993--1000},
	Publisher = {IEEE Computer Society},
	Title = {Cosegmentation of Image Pairs by Histogram Matching - Incorporating a Global Constraint into MRFs},
	Url = {http://dl.acm.org/citation.cfm?id=1153170.1153458},
	Year = {2006},
	Bdsk-Url-1 = {http://dl.acm.org/citation.cfm?id=1153170.1153458},
	Bdsk-Url-2 = {http://dx.doi.org/10.1109/CVPR.2006.91}}

@article{Rubner:2000:EMD,
	Acmid = {365881},
	Address = {Hingham, MA, USA},
	Author = {Rubner, Yossi and Tomasi, Carlo and Guibas, Leonidas J.},
	Doi = {10.1023/A:1026543900054},
	Issn = {0920-5691},
	Issue_Date = {Nov. 2000},
	Journal = {Int. J. Comput. Vision},
	Keywords = {Earth Mover's Distance, color, image retrieval, perceptual metrics, texture},
	Month = {Nov},
	Number = {2},
	Numpages = {23},
	Pages = {99--121},
	Publisher = {Kluwer Academic Publishers},
	Title = {The Earth Mover's Distance as a Metric for Image Retrieval},
	Url = {http://dx.doi.org/10.1023/A:1026543900054},
	Volume = {40},
	Year = {2000},
	Bdsk-Url-1 = {http://dx.doi.org/10.1023/A:1026543900054}}

@article{Russell:2009:SIC,
	Author = {Russell, B. and Efros, A. and Sivic, Josef and Freeman, W. and Zisserman, Andrew},
	File = {:D$\backslash$:/02 ImageAnalsysis/Ref/Segmenting Scenes by Matching Image Composites .pdf:pdf},
	Journal = {Advances in Neural Information Processing Systems},
	Pages = {1--9},
	Publisher = {Citeseer},
	Title = {{Segmenting scenes by matching image composites}},
	Url = {http://citeseerx.ist.psu.edu/viewdoc/download?doi=10.1.1.155.3083\&amp;rep=rep1\&amp;type=pdf},
	Year = {2009},
	Bdsk-Url-1 = {http://citeseerx.ist.psu.edu/viewdoc/download?doi=10.1.1.155.3083%5C&amp;rep=rep1%5C&amp;type=pdf}}

@article{roabcg-mbeisdv-2013,
	Acmid = {2461959},
	Address = {New York, NY, USA},
	Articleno = {72},
	Author = {Rustamov, Raif M. and Ovsjanikov, Maks and Azencot, Omri and Ben-Chen, Mirela and Chazal, Fr{'e}d{'e}ric and Guibas, Leonidas},
	Doi = {10.1145/2461912.2461959},
	Issn = {0730-0301},
	Issue_Date = {July 2013},
	Journal = {ACM Trans. Graph.},
	Keywords = {data-driven methods, shape comparison, shape matching, shape variability},
	Month = jul,
	Number = {4},
	Numpages = {12},
	Pages = {72:1--72:12},
	Publisher = {ACM},
	Title = {Map-based exploration of intrinsic shape differences and variability},
	Url = {http://doi.acm.org/10.1145/2461912.2461959},
	Volume = {32},
	Year = {2013},
	Bdsk-Url-1 = {http://doi.acm.org/10.1145/2461912.2461959},
	Bdsk-Url-2 = {http://dx.doi.org/10.1145/2461912.2461959}}

@article{Rustamov:2013:MEI,
	Author = {Rustamov, Raif M. and Ovsjanikov, Maks and Azencot, Omri and Ben-Chen, Mirela and Chazal, Fr{\'e}d{\'e}ric and Guibas, Leonidas},
	Issn = {0730-0301},
	Issue_Date = {July 2013},
	Journal = {ACM Trans. Graph.},
	Month = jul,
	Number = {4},
	Pages = {72:1--72:12},
	Title = {Map-based Exploration of Intrinsic Shape Differences and Variability},
	Volume = {32},
	Year = {2013}}

@article{Saxena:2009:MLS,
	Author = {Saxena, Ashutosh and Sun, Min and Ng, Andrew Y.},
	Issn = {0162-8828},
	Issue_Date = {May 2009},
	Journal = {IEEE Trans. Pattern Anal. Mach. Intell.},
	Month = may,
	Number = {5},
	Pages = {824--840},
	Title = {Make3D: Learning 3D Scene Structure from a Single Still Image},
	Volume = {31},
	Year = {2009}}

@inproceedings{Schaefer:2007:ESE,
	Acmid = {1282013},
	Address = {Aire-la-Ville, Switzerland, Switzerland},
	Author = {Schaefer, S. and Yuksel, C.},
	Booktitle = {Proceedings of the fifth Eurographics symposium on Geometry processing},
	Isbn = {978-3-905673-46-3},
	Location = {Barcelona, Spain},
	Numpages = {10},
	Pages = {153--162},
	Publisher = {Eurographics Association},
	Title = {Example-based skeleton extraction},
	Url = {http://dl.acm.org/citation.cfm?id=1281991.1282013},
	Year = {2007},
	Bdsk-Url-1 = {http://dl.acm.org/citation.cfm?id=1281991.1282013}}

@inproceedings{Schaffalitzky:1999:GGR,
	Acmid = {691885},
	Address = {London, UK},
	Author = {Schaffalitzky, Frederik and Zisserman, Andrew},
	Booktitle = {Shape, Contour and Grouping in Computer Vision},
	Isbn = {3-540-66722-9},
	Numpages = {17},
	Pages = {165--181},
	Publisher = {Springer-Verlag},
	Title = {Geometric Grouping of Repeated Elements within Images},
	Url = {http://dl.acm.org/citation.cfm?id=646469.691885},
	Year = {1999},
	Bdsk-Url-1 = {http://dl.acm.org/citation.cfm?id=646469.691885}}

@article{Schlesinger:2006:SPB,
	Author = {Schlesinger, Dmitrij and Flach, Boris},
	Journal = {Dresden University of Technology Tech Rep},
	Number = {Technical Report TUD-FI06-01},
	Pages = {1--16},
	Title = {Transforming an arbitrary minsum problem into a binary one},
	Url = {http://citeseerx.ist.psu.edu/viewdoc/download?doi=10.1.1.68.2846&rep=rep1&type=pdf},
	Year = {2006},
	Bdsk-Url-1 = {http://citeseerx.ist.psu.edu/viewdoc/download?doi=10.1.1.68.2846&rep=rep1&type=pdf}}

@article{Schneidman-Duhovny:2005:SPD,
	Author = {Schneidman-Duhovny, Dina and Inbar, Yuval and Nussinov, Ruth and Wolfson, Haim J},
	Journal = {Proteins},
	Number = {2},
	Pages = {224--231},
	Publisher = {Wiley Online Library},
	Title = {Geometry-based flexible and symmetric protein docking.},
	Url = {http://www.ncbi.nlm.nih.gov/pubmed/15981269},
	Volume = {60},
	Year = {2005},
	Bdsk-Url-1 = {http://www.ncbi.nlm.nih.gov/pubmed/15981269}}

@inproceedings{Schreiner:2004:ISM,
	Acmid = {1015812},
	Address = {New York, NY, USA},
	Author = {Schreiner, John and Asirvatham, Arul and Praun, Emil and Hoppe, Hugues},
	Booktitle = {ACM SIGGRAPH 2004 Papers},
	Doi = {http://doi.acm.org/10.1145/1186562.1015812},
	Keywords = {remeshing, shape morphing, surface parametrization},
	Location = {Los Angeles, California},
	Numpages = {8},
	Pages = {870--877},
	Publisher = {ACM},
	Series = {SIGGRAPH '04},
	Title = {Inter-surface mapping},
	Url = {http://doi.acm.org/10.1145/1186562.1015812},
	Year = {2004},
	Bdsk-Url-1 = {http://doi.acm.org/10.1145/1186562.1015812}}

@book{Schrijver:1986:LIP,
	Address = {New York, NY, USA},
	Author = {Schrijver, Alexander},
	Isbn = {0-471-90854-1},
	Publisher = {John Wiley \& Sons, Inc.},
	Title = {Theory of linear and integer programming},
	Year = {1986}}

@inproceedings{Sederberg:1986:FDS,
	Author = {Sederberg, Thomas W. and Parry, Scott R.},
	Pages = {151--160},
	Series = {SIGGRAPH '86},
	Title = {Free-form deformation of solid geometric models},
	Year = {1986}}

@article{Shamir:2008:SMS,
	Author = {Ariel Shamir},
	Bibsource = {DBLP, http://dblp.uni-trier.de},
	Ee = {http://dx.doi.org/10.1111/j.1467-8659.2007.01103.x},
	Journal = {Comput. Graph. Forum},
	Number = {6},
	Pages = {1539-1556},
	Title = {A survey on Mesh Segmentation Techniques},
	Volume = {27},
	Year = {2008}}

@article{Shapira:2010:CPA,
	Acmid = {1825048},
	Address = {Hingham, MA, USA},
	Author = {Shapira, L. and Shalom, S. and Shamir, A. and Cohen-Or, D. and Zhang, H.},
	Doi = {http://dx.doi.org/10.1007/s11263-009-0279-0},
	Issn = {0920-5691},
	Issue = {2-3},
	Journal = {Int. J. Comput. Vision},
	Keywords = {Distance measure, Hierarchical partitioning, Part retrieval, Shape matching, Shape signature},
	Month = {September},
	Numpages = {18},
	Pages = {309--326},
	Publisher = {Kluwer Academic Publishers},
	Title = {Contextual Part Analogies in 3D Objects},
	Url = {http://dx.doi.org/10.1007/s11263-009-0279-0},
	Volume = {89},
	Year = {2010},
	Bdsk-Url-1 = {http://dx.doi.org/10.1007/s11263-009-0279-0}}

@article{Shapira:2008:SDF,
	Acmid = {1356724},
	Address = {Secaucus, NJ, USA},
	Author = {Shapira, Lior and Shamir, Ariel and Cohen-Or, Daniel},
	Doi = {10.1007/s00371-007-0197-5},
	Issn = {0178-2789},
	Issue = {4},
	Journal = {Vis. Comput.},
	Keywords = {Geometry processing, Mesh decomposition, Skeleton extraction},
	Month = {March},
	Numpages = {11},
	Pages = {249--259},
	Publisher = {Springer-Verlag New York, Inc.},
	Title = {Consistent mesh partitioning and skeletonisation using the shape diameter function},
	Url = {http://dl.acm.org/citation.cfm?id=1356722.1356724},
	Volume = {24},
	Year = {2008},
	Bdsk-Url-1 = {http://dl.acm.org/citation.cfm?id=1356722.1356724},
	Bdsk-Url-2 = {http://dx.doi.org/10.1007/s00371-007-0197-5}}

@inproceedings{Sharf:2007:TSR,
	Acmid = {1276431},
	Address = {New York, NY, USA},
	Articleno = {43},
	Author = {Sharf, Andrei and Lewiner, Thomas and Shklarski, Gil and Toledo, Sivan and Cohen-Or, Daniel},
	Booktitle = {ACM SIGGRAPH 2007 papers},
	Doi = {http://doi.acm.org/10.1145/1275808.1276431},
	Keywords = {interactive tools, surface reconstruction},
	Location = {San Diego, California},
	Publisher = {ACM},
	Series = {SIGGRAPH '07},
	Title = {Interactive topology-aware surface reconstruction},
	Url = {http://doi.acm.org/10.1145/1275808.1276431},
	Year = {2007},
	Bdsk-Url-1 = {http://doi.acm.org/10.1145/1275808.1276431}}

@article{Shen:2012:SRP,
	Author = {Shen, Chao-Hui and Fu, Hongbo and Chen, Kang and Hu, Shi-Min},
	Issn = {0730-0301},
	Issue_Date = {November 2012},
	Journal = {ACM Trans. Graph.},
	Month = nov,
	Number = {6},
	Pages = {180:1--180:11},
	Title = {Structure Recovery by Part Assembly},
	Volume = {31},
	Year = {2012}}

@article{Shi:2000:NC,
	Acmid = {351611},
	Address = {Washington, DC, USA},
	Author = {Shi, Jianbo and Malik, Jitendra},
	Doi = {http://dx.doi.org/10.1109/34.868688},
	Issn = {0162-8828},
	Issue = {8},
	Journal = {IEEE Trans. Pattern Anal. Mach. Intell.},
	Keywords = {Grouping, image segmentation, graph partitioning.},
	Month = {August},
	Numpages = {18},
	Pages = {888--905},
	Publisher = {IEEE Computer Society},
	Title = {Normalized Cuts and Image Segmentation},
	Url = {http://dx.doi.org/10.1109/34.868688},
	Volume = {22},
	Year = {2000},
	Bdsk-Url-1 = {http://dx.doi.org/10.1109/34.868688}}

@inproceedings{Shilane:2004:PSB,
	Acmid = {1007045},
	Address = {Washington, DC, USA},
	Author = {Shilane, P. and Min, P. and Kazhdan, M. and Funkhouser, T.},
	Booktitle = {Proceedings of the Shape Modeling International 2004},
	Doi = {10.1109/SMI.2004.63},
	Isbn = {0-7695-2075-8},
	Keywords = {shape retrieval, geometric matching, shape database, benchmarks},
	Numpages = {12},
	Pages = {167--178},
	Publisher = {IEEE Computer Society},
	Title = {The Princeton Shape Benchmark},
	Url = {http://dl.acm.org/citation.cfm?id=998687.1007045},
	Year = {2004},
	Bdsk-Url-1 = {http://dl.acm.org/citation.cfm?id=998687.1007045},
	Bdsk-Url-2 = {http://dx.doi.org/10.1109/SMI.2004.63}}

@article{Shlafman:2002:MPS,
	Author = {Shymon Shlafman and Ayellet Tal and Sagi Katz},
	Bibsource = {DBLP, http://dblp.uni-trier.de},
	Ee = {http://www.eg.org/EG/CGF/volume21/issue3/abstracts/CGF581.HTML},
	Journal = {Comput. Graph. Forum},
	Number = {3},
	Title = {Metamorphosis of Polyhedral Surfaces using Decomposition},
	Volume = {21},
	Year = {2002}}

@article{Shotton:2009:TB,
	Acmid = {1487516},
	Address = {Hingham, MA, USA},
	Author = {Shotton, Jamie and Winn, John and Rother, Carsten and Criminisi, Antonio},
	Doi = {10.1007/s11263-007-0109-1},
	Issn = {0920-5691},
	Issue = {1},
	Journal = {Int. J. Comput. Vision},
	Keywords = {Boosting, Conditional random field, Context, Image understanding, Layout, Object recognition, Piecewise training, Segmentation, Semantic image segmentation, Textons, Texture},
	Month = {January},
	Numpages = {22},
	Pages = {2--23},
	Publisher = {Kluwer Academic Publishers},
	Title = {TextonBoost for Image Understanding: Multi-Class Object Recognition and Segmentation by Jointly Modeling Texture, Layout, and Context},
	Url = {http://dl.acm.org/citation.cfm?id=1487450.1487516},
	Volume = {81},
	Year = {2009},
	Bdsk-Url-1 = {http://dl.acm.org/citation.cfm?id=1487450.1487516},
	Bdsk-Url-2 = {http://dx.doi.org/10.1007/s11263-007-0109-1}}

@article{Sidi:2011:CS,
	Articleno = {126},
	Author = {Oana Sidi and Oliver van Kaick and Yanir Kleiman and Hao Zhang and Daniel Cohen-Or},
	Issn = {0730-0301},
	Issue_Date = {December 2011},
	Journal = {ACM Trans. Graph.},
	Month = dec,
	Number = {6},
	Numpages = {10},
	Pages = {126:1--126:10},
	Title = {Unsupervised Co-Segmentation of a Set of Shapes via Descriptor-Space Spectral Clustering},
	Volume = {30},
	Year = {2011}}

@inproceedings{Simari:2006:FMH,
	Acmid = {1281972},
	Address = {Aire-la-Ville, Switzerland, Switzerland},
	Author = {Simari, Patricio and Kalogerakis, Evangelos and Singh, Karan},
	Booktitle = {Proceedings of the fourth Eurographics symposium on Geometry processing},
	Isbn = {3-905673-36-3},
	Location = {Cagliari, Sardinia, Italy},
	Numpages = {9},
	Pages = {111--119},
	Publisher = {Eurographics Association},
	Series = {SGP '06},
	Title = {Folding meshes: hierarchical mesh segmentation based on planar symmetry},
	Url = {http://dl.acm.org/citation.cfm?id=1281957.1281972},
	Year = {2006},
	Bdsk-Url-1 = {http://dl.acm.org/citation.cfm?id=1281957.1281972}}

@article{Simari:2009:MSS,
	Author = {Patricio D. Simari and Derek Nowrouzezahrai and Evangelos Kalogerakis and Karan Singh},
	Bibsource = {DBLP, http://dblp.uni-trier.de},
	Ee = {http://dx.doi.org/10.1111/j.1467-8659.2009.01518.x},
	Journal = {Computer Graphics Forum},
	Number = {5},
	Pages = {1415-1425},
	Title = {Multi-objective shape segmentation and labeling},
	Volume = {28},
	Year = {2009}}

@misc{Singer:2011:VDM,
	Author = {Amit Singer and Hau-Tieng Wu},
	Title = {Vector Diffusion Maps and the Connection Laplacian},
	Url = {http://www.citebase.org/abstract?id=oai:arXiv.org:1102.0075},
	Year = {2011},
	Bdsk-Url-1 = {http://www.citebase.org/abstract?id=oai:arXiv.org:1102.0075}}

@article{Solomon:2011:DIP,
	Author = {Justin Solomon and Mirela Ben-Chen and Adrian Butscher and Leonidas J. Guibas},
	Bibsource = {DBLP, http://dblp.uni-trier.de},
	Ee = {http://dx.doi.org/10.1111/j.1467-8659.2011.01867.x},
	Journal = {Comput. Graph. Forum},
	Number = {2},
	Pages = {365-374},
	Title = {Discovery of Intrinsic Primitives on Triangle Meshes},
	Volume = {30},
	Year = {2011}}

@inproceedings{snbbg-smbs-12,
	Author = {Solomon, Justin and Nguyen, Andy and Butscher, Adrian and Ben-Chen, Mirela and Guibas, Leonidas},
	Booktitle = {Proc. SGP 2012},
	Title = {Soft Maps Between Surfaces},
	Year = {2012}}

@article{Solomon:2012:SOFT,
	Author = {Justin Solomon and Andy Nguyen and Adrian Butscher and Mirela Ben-Chen and Leonidas Guibas},
	Journal = {Computer Graphics Forum},
	Number = {5},
	Pages = {1617-1626},
	Title = {Soft Maps Between Surfaces},
	Volume = {31},
	Year = {2012}}

@article{Sontag:2009:TCD,
	Author = {David Sontag and Tommi Jaakkola},
	Journal = {Journal of Machine Learning Research - Proceedings Track},
	Pages = {544--551},
	Title = {Tree Block Coordinate Descent for {MAP} in Graphical Models},
	Volume = {5},
	Year = {2009}}

@inproceedings{Sorkine:2007:ARM,
	Acmid = {1282006},
	Address = {Aire-la-Ville, Switzerland, Switzerland},
	Author = {Sorkine, Olga and Alexa, Marc},
	Booktitle = {Proceedings of the fifth Eurographics symposium on Geometry processing},
	Isbn = {978-3-905673-46-3},
	Location = {Barcelona, Spain},
	Numpages = {8},
	Pages = {109--116},
	Publisher = {Eurographics Association},
	Title = {As-rigid-as-possible surface modeling},
	Url = {http://dl.acm.org/citation.cfm?id=1281991.1282006},
	Year = {2007},
	Bdsk-Url-1 = {http://dl.acm.org/citation.cfm?id=1281991.1282006}}

@inproceedings{Sorkine:2004:LSE,
	Acmid = {1057456},
	Address = {New York, NY, USA},
	Author = {Sorkine, O. and Cohen-Or, D. and Lipman, Y. and Alexa, M. and R\"{o}ssl, C. and Seidel, H.-P.},
	Booktitle = {Proceedings of the 2004 Eurographics/ACM SIGGRAPH symposium on Geometry processing},
	Doi = {http://doi.acm.org/10.1145/1057432.1057456},
	Isbn = {3-905673-13-4},
	Location = {Nice, France},
	Numpages = {10},
	Pages = {175--184},
	Publisher = {ACM},
	Series = {SGP '04},
	Title = {Laplacian surface editing},
	Url = {http://doi.acm.org/10.1145/1057432.1057456},
	Year = {2004},
	Bdsk-Url-1 = {http://doi.acm.org/10.1145/1057432.1057456}}

@book{Spuybroek:2004:NOX,
	Author = {L.\ Spuybroek},
	Publisher = {Thames \&\ Hudson},
	Title = {{NOX}: Machining Architecture},
	Year = {2004}}

@article{Sumner:2004:DTT,
	Acmid = {1015736},
	Address = {New York, NY, USA},
	Author = {Sumner, Robert W. and Popovi\'{c}, Jovan},
	Doi = {10.1145/1015706.1015736},
	Issn = {0730-0301},
	Issue_Date = {August 2004},
	Journal = {ACM Trans. Graph.},
	Keywords = {Animation, Correspondence, Deformations},
	Month = aug,
	Number = {3},
	Numpages = {7},
	Pages = {399--405},
	Publisher = {ACM},
	Title = {Deformation transfer for triangle meshes},
	Url = {http://doi.acm.org/10.1145/1015706.1015736},
	Volume = {23},
	Year = {2004},
	Bdsk-Url-1 = {http://doi.acm.org/10.1145/1015706.1015736},
	Bdsk-Url-2 = {http://dx.doi.org/10.1145/1015706.1015736}}

@inproceedings{Sumner:2007:EDM,
	Acmid = {1276478},
	Address = {New York, NY, USA},
	Articleno = {80},
	Author = {Sumner, Robert W. and Schmid, Johannes and Pauly, Mark},
	Booktitle = {ACM SIGGRAPH 2007 papers},
	Doi = {http://doi.acm.org/10.1145/1275808.1276478},
	Keywords = {deformation, geometric modeling, shape editing},
	Location = {San Diego, California},
	Publisher = {ACM},
	Series = {SIGGRAPH '07},
	Title = {Embedded deformation for shape manipulation},
	Url = {http://doi.acm.org/10.1145/1275808.1276478},
	Year = {2007},
	Bdsk-Url-1 = {http://doi.acm.org/10.1145/1275808.1276478}}

@inproceedings{Sun:2009:HKS,
	Author = {Sun, Jian and Ovsjanikov, Maks and Guibas, Leonidas},
	Booktitle = {SGP},
	Numpages = {10},
	Pages = {1383--1392},
	Title = {A concise and provably informative multi-scale signature based on heat diffusion},
	Year = {2009}}

@inproceedings{Surazhsky:2005:EAG,
	Acmid = {1073228},
	Address = {New York, NY, USA},
	Author = {Surazhsky, Vitaly and Surazhsky, Tatiana and Kirsanov, Danil and Gortler, Steven J. and Hoppe, Hugues},
	Booktitle = {ACM SIGGRAPH 2005 Papers},
	Doi = {http://doi.acm.org/10.1145/1186822.1073228},
	Keywords = {geodesic distance, shortest path},
	Location = {Los Angeles, California},
	Numpages = {8},
	Pages = {553--560},
	Publisher = {ACM},
	Series = {SIGGRAPH '05},
	Title = {Fast exact and approximate geodesics on meshes},
	Url = {http://doi.acm.org/10.1145/1186822.1073228},
	Year = {2005},
	Bdsk-Url-1 = {http://doi.acm.org/10.1145/1186822.1073228}}

@article{Szeliski:2008:CSE1,
	Acmid = {1399441},
	Address = {Washington, DC, USA},
	Author = {Szeliski, Richard and Zabih, Ramin and Scharstein, Daniel and Veksler, Olga and Kolmogorov, Vladimir and Agarwala, Aseem and Tappen, Marshall and Rother, Carsten},
	Doi = {10.1109/TPAMI.2007.70844},
	Issn = {0162-8828},
	Issue_Date = {June 2008},
	Journal = {IEEE Trans. Pattern Anal. Mach. Intell.},
	Keywords = {Belief propagation, Global optimization, Graph cuts, Markov random fields, Performance evaluation of algorithms and systems, Performance evaluation of algorithms and systems, Markov random fields, Global optimization, Graph cuts, Belief propagation},
	Month = jun,
	Number = {6},
	Numpages = {13},
	Pages = {1068--1080},
	Publisher = {IEEE Computer Society},
	Title = {A Comparative Study of Energy Minimization Methods for {M}arkov Random Fields with Smoothness-Based Priors},
	Url = {http://dx.doi.org/10.1109/TPAMI.2007.70844},
	Volume = {30},
	Year = {2008},
	Bdsk-Url-1 = {http://dx.doi.org/10.1109/TPAMI.2007.70844}}

@article{Talton:2011:MPM,
	Acmid = {1944851},
	Address = {New York, NY, USA},
	Articleno = {11},
	Author = {Talton, Jerry O. and Lou, Yu and Lesser, Steve and Duke, Jared and M\v{e}ch, Radom\'{\i}r and Koltun, Vladlen},
	Doi = {http://doi.acm.org/10.1145/1944846.1944851},
	Issn = {0730-0301},
	Issue = {2},
	Issue_Date = {April 2011},
	Journal = {ACM Trans. Graph.},
	Keywords = {Markov chain Monte Carlo, Procedural modeling, context-free grammars, geometry synthesis},
	Month = {April},
	Numpages = {14},
	Pages = {11:1--11:14},
	Publisher = {ACM},
	Title = {Metropolis procedural modeling},
	Url = {http://doi.acm.org/10.1145/1944846.1944851},
	Volume = {30},
	Year = {2011},
	Bdsk-Url-1 = {http://doi.acm.org/10.1145/1944846.1944851}}

@book{Thompson:1945:GF,
	Author = {Thompson, D. W.},
	Publisher = {Cambridge University Press},
	Title = {On Growth and Form},
	Year = {1945}}

@inproceedings{Tong:2006:DQD,
	Acmid = {1281983},
	Address = {Aire-la-Ville, Switzerland, Switzerland},
	Author = {Tong, Y. and Alliez, P. and Cohen-Steiner, D. and Desbrun, M.},
	Booktitle = {Proceedings of the fourth Eurographics symposium on Geometry processing},
	Isbn = {3-905673-36-3},
	Location = {Cagliari, Sardinia, Italy},
	Numpages = {10},
	Pages = {201--210},
	Publisher = {Eurographics Association},
	Series = {SGP '06},
	Title = {Designing quadrangulations with discrete harmonic forms},
	Url = {http://dl.acm.org/citation.cfm?id=1281957.1281983},
	Year = {2006},
	Bdsk-Url-1 = {http://dl.acm.org/citation.cfm?id=1281957.1281983}}

@inproceedings{Torralba:2004:SFB,
	Acmid = {1896410},
	Address = {Washington, DC, USA},
	Author = {Torralba, Antonio and Murphy, Kevin P. and Freeman, William T.},
	Booktitle = {Proceedings of the 2004 IEEE computer society conference on Computer vision and pattern recognition},
	Location = {Washington, D.C., USA},
	Numpages = {8},
	Pages = {762--769},
	Publisher = {IEEE Computer Society},
	Series = {CVPR'04},
	Title = {Sharing features: efficient boosting procedures for multiclass object detection},
	Url = {http://dl.acm.org/citation.cfm?id=1896300.1896410},
	Year = {2004},
	Bdsk-Url-1 = {http://dl.acm.org/citation.cfm?id=1896300.1896410}}

@inproceedings{Torralba:2004:SFE,
	Author = {Torralba, Antonio and Murphy, Kevin P. and Freeman, William T.},
	Pages = {762--769},
	Series = {CVPR'04},
	Title = {Sharing features: efficient boosting procedures for multiclass object detection},
	Year = {2004}}

@article{Tsoumakas07multi-labelclassification,
	Author = {Grigorios Tsoumakas and Ioannis Katakis},
	Journal = {Int J Data Ware. and Mining},
	Pages = {1--13},
	Title = {Multi-label classification: An overview},
	Volume = {2007},
	Year = {2007}}

@article{Tuytelaars:2003:NDR,
	Acmid = {766669},
	Address = {Washington, DC, USA},
	Author = {Tuytelaars, Tinne and Turina, Andreas and Van Gool, Luc},
	Doi = {http://dx.doi.org/10.1109/TPAMI.2003.1190569},
	Issn = {0162-8828},
	Issue = {4},
	Journal = {IEEE Trans. Pattern Anal. Mach. Intell.},
	Keywords = {Grouping, planar homologies, elations, Hough transform, symmetry detection, repetitions.},
	Month = {April},
	Numpages = {15},
	Pages = {418--432},
	Publisher = {IEEE Computer Society},
	Title = {Noncombinatorial Detection of Regular Repetitions under Perspective Skew},
	Url = {http://dx.doi.org/10.1109/TPAMI.2003.1190569},
	Volume = {25},
	Year = {2003},
	Bdsk-Url-1 = {http://dx.doi.org/10.1109/TPAMI.2003.1190569}}

@inproceedings{Vicente:2010:CS,
	Acmid = {1888065},
	Address = {Berlin, Heidelberg},
	Author = {Vicente, Sara and Kolmogorov, Vladimir and Rother, Carsten},
	Booktitle = {Proceedings of the 11th European conference on Computer vision: Part II},
	Isbn = {3-642-15551-0, 978-3-642-15551-2},
	Location = {Heraklion, Crete, Greece},
	Numpages = {15},
	Pages = {465--479},
	Publisher = {Springer-Verlag},
	Series = {ECCV'10},
	Title = {Cosegmentation revisited: models and optimization},
	Url = {http://dl.acm.org/citation.cfm?id=1888028.1888065},
	Year = {2010},
	Bdsk-Url-1 = {http://dl.acm.org/citation.cfm?id=1888028.1888065}}

@article{Wainwright:2005:MAP,
	Author = {Martin J. Wainwright and Tommi Jaakkola and Alan S. Willsky},
	Journal = {IEEE Transactions on Information Theory},
	Number = {11},
	Pages = {3697--3717},
	Title = {{MAP} estimation via agreement on trees: message-passing and linear programming},
	Volume = {51},
	Year = {2005}}

@article{Wand:2009:ERN,
	Acmid = {1516526},
	Address = {New York, NY, USA},
	Articleno = {15},
	Author = {Wand, Michael and Adams, Bart and Ovsjanikov, Maksim and Berner, Alexander and Bokeloh, Martin and Jenke, Philipp and Guibas, Leonidas and Seidel, Hans-Peter and Schilling, Andreas},
	Doi = {10.1145/1516522.1516526},
	Issn = {0730-0301},
	Issue_Date = {April 2009},
	Journal = {ACM Trans. Graph.},
	Keywords = {Deformation modeling, animation reconstruction, digital geometry processing, surface reconstruction},
	Month = may,
	Number = {2},
	Numpages = {15},
	Pages = {15:1--15:15},
	Publisher = {ACM},
	Title = {Efficient reconstruction of nonrigid shape and motion from real-time 3D scanner data},
	Url = {http://doi.acm.org/10.1145/1516522.1516526},
	Volume = {28},
	Year = {2009},
	Bdsk-Url-1 = {http://doi.acm.org/10.1145/1516522.1516526},
	Bdsk-Url-2 = {http://dx.doi.org/10.1145/1516522.1516526}}

@inproceedings{Wand:2007:RDG,
	Acmid = {1281998},
	Address = {Aire-la-Ville, Switzerland, Switzerland},
	Author = {Wand, Michael and Jenke, Philipp and Huang, Qixing and Bokeloh, Martin and Guibas, Leonidas and Schilling, Andreas},
	Booktitle = {Proceedings of the fifth Eurographics symposium on Geometry processing},
	Isbn = {978-3-905673-46-3},
	Location = {Barcelona, Spain},
	Numpages = {10},
	Pages = {49--58},
	Publisher = {Eurographics Association},
	Title = {Reconstruction of deforming geometry from time-varying point clouds},
	Url = {http://dl.acm.org/citation.cfm?id=1281991.1281998},
	Year = {2007},
	Bdsk-Url-1 = {http://dl.acm.org/citation.cfm?id=1281991.1281998}}

@inproceedings{whg-icsfm-13,
	Author = {Fan Wang and Qixing Huang and Leonidas Guibas},
	Booktitle = {Proceedings of the 14th International Conference on Computer Vision (ICCV)},
	Title = {Image Co-Segmentation via Consistent Functional Maps},
	Year = {2013}}

@conference{whog-umjis-14,
	Author = {Fan Wang and Qixing Huang and Maks Ovsjanikov and Leonidas Guibas},
	Booktitle = {Proceedings of IEEE Conference on Computer Vision and Pattern Recognition (CVPR)},
	Title = {Unsupervised Multi-Class Joint Image Segmentation},
	Year = {2014}}

@inproceedings{Wang:2008:PRC,
	Acmid = {1360613},
	Address = {New York, NY, USA},
	Articleno = {14},
	Author = {Wang, Huamin and Wexler, Yonatan and Ofek, Eyal and Hoppe, Hugues},
	Booktitle = {ACM SIGGRAPH 2008 papers},
	Doi = {http://doi.acm.org/10.1145/1399504.1360613},
	Isbn = {978-1-4503-0112-1},
	Keywords = {image compression, image epitomes, progressive images},
	Location = {Los Angeles, California},
	Numpages = {10},
	Pages = {14:1--14:10},
	Publisher = {ACM},
	Series = {SIGGRAPH '08},
	Title = {Factoring repeated content within and among images},
	Url = {http://doi.acm.org/10.1145/1399504.1360613},
	Year = {2008},
	Bdsk-Url-1 = {http://doi.acm.org/10.1145/1399504.1360613}}

@article{journals/corr/abs-1211-2441,
	Added-At = {2012-12-01T00:00:00.000+0100},
	Author = {Wang, Lanhui and Singer, Amit},
	Journal = {Information and Inference},
	Keywords = {dblp},
	Number = {2},
	Pages = {145-193},
	Title = {Exact and Stable Recovery of Rotations for Robust Synchronization},
	Volume = {2},
	Year = {2013}}

@article{DBLP:journals/tog/WangAK0CC12,
	Author = {Yunhai Wang and Shmulik Asafi and Oliver van Kaick and Hao Zhang and Daniel Cohen-Or and Baoquan Chen},
	Bibsource = {DBLP, http://dblp.uni-trier.de},
	Ee = {http://doi.acm.org/10.1145/2366145.2366184},
	Journal = {ACM Trans. Graph.},
	Number = {6},
	Pages = {165},
	Title = {Active co-analysis of a set of shapes},
	Volume = {31},
	Year = {2012}}

@article{Wang:2012:ACS,
	Author = {Wang, Yunhai and Asafi, Shmulik and van Kaick, Oliver and Zhang, Hao and Cohen-Or, Daniel and Chen, Baoquan},
	Issn = {0730-0301},
	Issue_Date = {November 2012},
	Journal = {ACM Trans. Graph.},
	Month = nov,
	Number = {6},
	Pages = {165:1--165:10},
	Title = {Active Co-analysis of a Set of Shapes},
	Volume = {31},
	Year = {2012}}

@article{Wang:2013:PAS,
	Author = {Wang, Yunhai and Gong, Minglun and Wang, Tianhua and Cohen-Or, Daniel and Zhang, Hao and Chen, Baoquan},
	Issn = {0730-0301},
	Issue_Date = {November 2013},
	Journal = {ACM Trans. Graph.},
	Month = nov,
	Number = {6},
	Pages = {192:1--192:12},
	Title = {Projective Analysis for 3D Shape Segmentation},
	Volume = {32},
	Year = {2013}}

@article{Watanabe:2001:SCF,
	Author = {Kouki Watanabe and Alexander G. Belyaev},
	Bibsource = {DBLP, http://dblp.uni-trier.de},
	Journal = {Comput. Graph. Forum (Proc. Eurographics)},
	Number = {3},
	Title = {Detection of Salient Curvature Features on Polygonal Surfaces},
	Volume = {20},
	Year = {2001}}

@article{Weinberger:2009:DML,
	Acmid = {1577078},
	Author = {Weinberger, Kilian Q. and Saul, Lawrence K.},
	Issn = {1532-4435},
	Issue_Date = {12/1/2009},
	Journal = {J. Mach. Learn. Res.},
	Month = jun,
	Numpages = {38},
	Pages = {207--244},
	Publisher = {JMLR.org},
	Title = {Distance Metric Learning for Large Margin Nearest Neighbor Classification},
	Url = {http://dl.acm.org/citation.cfm?id=1577069.1577078},
	Volume = {10},
	Year = {2009},
	Bdsk-Url-1 = {http://dl.acm.org/citation.cfm?id=1577069.1577078}}

@article{Wen:2010:ADALM,
	Author = {Wen, Zaiwen and Goldfarb, Donald and Yin, Wotao},
	Journal = {Math. Prog. Comput.},
	Number = {3-4},
	Pages = {203--230},
	Publisher = {Springer},
	Title = {Alternating direction augmented {L}agrangian methods for semidefinite programming},
	Volume = {2},
	Year = {2010}}

@article{Werner:2007:LPS,
	Acmid = {1263485},
	Address = {Washington, DC, USA},
	Author = {Werner, Tomas},
	Doi = {10.1109/TPAMI.2007.1036},
	Issn = {0162-8828},
	Issue = {7},
	Journal = {IEEE Trans. Pattern Anal. Mach. Intell.},
	Keywords = {Markov random fields, undirected graphical models, constraint satisfaction, belief propagation, linear programming relaxation, max-sum, max-plus, max-product, supermodular optimization.},
	Month = {July},
	Numpages = {15},
	Pages = {1165--1179},
	Publisher = {IEEE Computer Society},
	Title = {A Linear Programming Approach to Max-Sum Problem: A Review},
	Url = {http://dl.acm.org/citation.cfm?id=1263145.1263485},
	Volume = {29},
	Year = {2007},
	Bdsk-Url-1 = {http://dl.acm.org/citation.cfm?id=1263145.1263485},
	Bdsk-Url-2 = {http://dx.doi.org/10.1109/TPAMI.2007.1036}}

@inproceedings{Wessel:2009:SBA,
	Author = {Wessel, Raoul and Bl{\"u}mel, Ina and Klein, Reinhard},
	Booktitle = {Eurographics 2009 Workshop on 3D Object Retrieval},
	Isbn = {978-3-905674-16-3},
	Issn = {1997-0463},
	Month = mar,
	Pages = {53--56},
	Title = {A 3D Shape Benchmark for Retrieval and Automatic Classification of Architectural Data},
	Year = {2009}}

@inproceedings{Wiley:2005:EM,
	Author = {David F. Wiley AND Nina Amenta AND Dan A. Alcantara AND Deboshmita Ghosh AND Yong J Kil AND Eric Delson AND Will Harcourt-Smith AND F. James Rohlf AND Katherine St. John AND Bernd Hamann},
	Booktitle = {Proceedings of IEEE Visualization 2005},
	Eventtime = {October 23--25, 2005},
	Keywords = {morphometrics, morphing, surface blending, merging, warping, distance fields, extremal surface},
	Location = {Minneapolis, Minnesota},
	Title = {Evolutionary Morphing},
	Url = {http://graphics.idav.ucdavis.edu/research/EvoMorph},
	Year = {2005},
	Bdsk-Url-1 = {http://graphics.idav.ucdavis.edu/research/EvoMorph}}

@inproceedings{Winn:2005:LCS,
	Acmid = {1097721},
	Address = {Washington, DC, USA},
	Author = {Winn, J. and Jojic, N.},
	Booktitle = {Proceedings of the Tenth IEEE International Conference on Computer Vision (ICCV'05) Volume 1 - Volume 01},
	Doi = {10.1109/ICCV.2005.148},
	Isbn = {0-7695-2334-X-01},
	Numpages = {8},
	Pages = {756--763},
	Publisher = {IEEE Computer Society},
	Title = {LOCUS: Learning Object Classes with Unsupervised Segmentation},
	Url = {http://dl.acm.org/citation.cfm?id=1097114.1097721},
	Year = {2005},
	Bdsk-Url-1 = {http://dl.acm.org/citation.cfm?id=1097114.1097721},
	Bdsk-Url-2 = {http://dx.doi.org/10.1109/ICCV.2005.148}}

@inproceedings{Wonka:2003:IA,
	Acmid = {882324},
	Address = {New York, NY, USA},
	Author = {Wonka, Peter and Wimmer, Michael and Sillion, Fran\c{c}ois and Ribarsky, William},
	Booktitle = {ACM SIGGRAPH 2003 Papers},
	Doi = {http://doi.acm.org/10.1145/1201775.882324},
	Isbn = {1-58113-709-5},
	Keywords = {architecture, building design, grammars, modeling},
	Location = {San Diego, California},
	Numpages = {9},
	Pages = {669--677},
	Publisher = {ACM},
	Series = {SIGGRAPH '03},
	Title = {Instant architecture},
	Url = {http://doi.acm.org/10.1145/1201775.882324},
	Year = {2003},
	Bdsk-Url-1 = {http://doi.acm.org/10.1145/1201775.882324}}

@inproceedings{Wu:2010:RSS,
	Acmid = {1866185},
	Address = {New York, NY, USA},
	Articleno = {159},
	Author = {Wu, Huisi and Wang, Yu-Shuen and Feng, Kun-Chuan and Wong, Tien-Tsin and Lee, Tong-Yee and Heng, Pheng-Ann},
	Booktitle = {ACM SIGGRAPH Asia 2010 papers},
	Doi = {http://doi.acm.org/10.1145/1866158.1866185},
	Isbn = {978-1-4503-0439-9},
	Keywords = {image resizing, summarization},
	Location = {Seoul, South Korea},
	Numpages = {10},
	Pages = {159:1--159:10},
	Publisher = {ACM},
	Series = {SIGGRAPH ASIA '10},
	Title = {Resizing by symmetry-summarization},
	Url = {http://doi.acm.org/10.1145/1866158.1866185},
	Year = {2010},
	Bdsk-Url-1 = {http://doi.acm.org/10.1145/1866158.1866185}}

@article{Wu:2005:HVSA,
	Author = {Jianhua Wu and Leif Kobbelt},
	Bibsource = {DBLP, http://dblp.uni-trier.de},
	Ee = {http://www.eg.org/EG/CGF/volume24/issue3/v24i3pp277-284.pdf},
	Journal = {Comput. Graph. Forum},
	Number = {3},
	Pages = {277-284},
	Title = {Structure Recovery via Hybrid Variational Surface Approximation},
	Volume = {24},
	Year = {2005}}

@inproceedings{Wu:2008:INR,
	Author = {Wu, Tai-Pang and Sun, Jian and Tang, Chi-Keung and Shum, Heung-Yeung},
	Booktitle = {ACM SIGGRAPH Asia 2008 Papers},
	Isbn = {978-1-4503-1831-0},
	Location = {Singapore},
	Pages = {119:1--119:9},
	Series = {SIGGRAPH Asia '08},
	Title = {Interactive Normal Reconstruction from a Single Image},
	Year = {2008}}

@article{Wu:2007:SIN,
	Author = {Wu, Tai-Pang and Tang, Chi-Keung and Brown, Michael S. and Shum, Heung-Yeung},
	Issn = {0730-0301},
	Issue_Date = {July 2007},
	Journal = {ACM Trans. Graph.},
	Month = jul,
	Number = {3},
	Title = {ShapePalettes: Interactive Normal Transfer via Sketching},
	Volume = {26},
	Year = {2007}}

@article{Xin:2009:ICH,
	Acmid = {1559761},
	Address = {New York, NY, USA},
	Articleno = {104},
	Author = {Xin, Shi-Qing and Wang, Guo-Jin},
	Doi = {http://doi.acm.org/10.1145/1559755.1559761},
	Issn = {0730-0301},
	Issue = {4},
	Journal = TOG,
	Keywords = {Design and analysis of algorithms, computational geometry, shortest path problems},
	Month = {September},
	Numpages = {8},
	Pages = {104:1--104:8},
	Publisher = {ACM},
	Title = {Improving Chen and Han's algorithm on the discrete geodesic problem},
	Url = {http://doi.acm.org/10.1145/1559755.1559761},
	Volume = {28},
	Year = {2009},
	Bdsk-Url-1 = {http://doi.acm.org/10.1145/1559755.1559761}}

@inproceedings{Xu:2010:SCS,
	Author = {Xu, Kai and Li, Honghua and Zhang, Hao and Cohen-Or, Daniel and Xiong, Yueshan and Cheng, Zhi-Quan},
	Pages = {184:1--184:10},
	Series = {SIGGRAPH ASIA '10},
	Title = {Style-content separation by anisotropic part scales},
	Year = {2010}}

@inproceedings{Xu:2009:PRS,
	Acmid = {1618484},
	Address = {New York, NY, USA},
	Articleno = {138},
	Author = {Xu, Kai and Zhang, Hao and Tagliasacchi, Andrea and Liu, Ligang and Li, Guo and Meng, Min and Xiong, Yueshan},
	Booktitle = {ACM SIGGRAPH Asia 2009 papers},
	Doi = {http://doi.acm.org/10.1145/1661412.1618484},
	Isbn = {978-1-60558-858-2},
	Location = {Yokohama, Japan},
	Numpages = {10},
	Pages = {138:1--138:10},
	Publisher = {ACM},
	Series = {SIGGRAPH Asia '09},
	Title = {Partial intrinsic reflectional symmetry of 3D shapes},
	Url = {http://doi.acm.org/10.1145/1661412.1618484},
	Year = {2009},
	Bdsk-Url-1 = {http://doi.acm.org/10.1145/1661412.1618484}}

@article{Xu:2011:PMO,
	Author = {Xu, Kai and Zheng, Hanlin and Zhang, Hao and Cohen-Or, Daniel and Liu, Ligang and Xiong, Yueshan},
	Issn = {0730-0301},
	Issue_Date = {July 2011},
	Journal = {ACM Trans. Graph.},
	Month = jul,
	Number = {4},
	Pages = {80:1--80:10},
	Title = {Photo-inspired Model-driven 3D Object Modeling},
	Volume = {30},
	Year = {2011}}

@inproceedings{Xu:2009:JAM,
	Acmid = {1531341},
	Address = {New York, NY, USA},
	Articleno = {35},
	Author = {Xu, Weiwei and Wang, Jun and Yin, KangKang and Zhou, Kun and van de Panne, Michiel and Chen, Falai and Guo, Baining},
	Booktitle = {ACM SIGGRAPH 2009 papers},
	Doi = {http://doi.acm.org/10.1145/1576246.1531341},
	Isbn = {978-1-60558-726-4},
	Keywords = {inverse kinematics, joint constraint, slippable motions, space deformation},
	Location = {New Orleans, Louisiana},
	Numpages = {9},
	Pages = {35:1--35:9},
	Publisher = {ACM},
	Series = {SIGGRAPH '09},
	Title = {Joint-aware manipulation of deformable models},
	Url = {http://doi.acm.org/10.1145/1576246.1531341},
	Year = {2009},
	Bdsk-Url-1 = {http://doi.acm.org/10.1145/1576246.1531341}}

@inproceedings{Yan:2006:QSE,
	Author = {Dong-Ming Yan and Yang Liu and Wenping Wang},
	Booktitle = {Geometric Modeling and Processing - GMP 2006, 4th International Conference, Pittsburgh, PA, USA, July 26-28, 2006, Proceedings},
	Citedby = {0},
	Cites = {0},
	Doi = {http://dx.doi.org/10.1007/11802914_6},
	Editor = {Myung-Soo Kim and Kenji Shimada},
	Isbn = {3-540-36711-X},
	Pages = {73-86},
	Publisher = {Springer},
	Researchr = {http://researchr.org/publication/YanLW06},
	Series = {Lecture Notes in Computer Science},
	Title = {Quadric Surface Extraction by Variational Shape Approximation},
	Volume = {4077},
	Year = {2006},
	Bdsk-Url-1 = {http://dx.doi.org/10.1007/11802914_6}}

@article{Yang06distancemetric,
	Author = {Liu Yang and Rong Jin},
	Title = {Distance Metric Learning: A Comprehensive Survey},
	Volume = {Tech. rep., Michigan State University.},
	Year = {2006}}

@inproceedings{BangpengYao:2011:CRD,
	Author = {Bangpeng Yao and Khosla, A. and Li Fei-Fei},
	Booktitle = {CVPR '11},
	Pages = {1577--1584},
	Title = {Combining randomization and discrimination for fine-grained image categorization},
	Year = {2011}}

@inproceedings{YaoKhoslaFeiFei,
	Address = {Colorado Springs, CO},
	Author = {Bangpeng Yao and Aditya Khosla and Li Fei-Fei},
	Booktitle = {CVPR},
	Month = {June},
	Title = {Combining Randomization and Discrimination for Fine-Grained Image Categorization},
	Year = {2011}}

@article{Ye:1991:PRA,
	Author = {Yinyu Ye},
	Bibsource = {DBLP, http://dblp.uni-trier.de},
	Ee = {http://dx.doi.org/10.1007/BF01594937},
	Journal = {Math. Program.},
	Pages = {239-258},
	Title = {An O(n$^{\mbox{3}}$L) potential reduction algorithm for linear programming},
	Volume = {50},
	Year = {1991}}

@article{Yuan06modelselection,
	Author = {Ming Yuan and Yi Lin},
	Journal = {Journal of the Royal Statistical Society, Series B},
	Pages = {49--67},
	Title = {Model selection and estimation in regression with grouped variables},
	Volume = {68},
	Year = {2006}}

@article{Yumer:2012:CSC,
	Acmid = {2366185},
	Address = {New York, NY, USA},
	Articleno = {166},
	Author = {Yumer, Mehmet Ersin and Kara, Levent Burak},
	Doi = {10.1145/2366145.2366185},
	Issn = {0730-0301},
	Issue_Date = {November 2012},
	Journal = {ACM Trans. Graph.},
	Keywords = {co-abstraction, mutual abstraction, shape character extraction, shape simplification},
	Month = nov,
	Number = {6},
	Numpages = {11},
	Pages = {166:1--166:11},
	Publisher = {ACM},
	Title = {Co-abstraction of shape collections},
	Url = {http://doi.acm.org/10.1145/2366145.2366185},
	Volume = {31},
	Year = {2012},
	Bdsk-Url-1 = {http://doi.acm.org/10.1145/2366145.2366185},
	Bdsk-Url-2 = {http://dx.doi.org/10.1145/2366145.2366185}}

@inproceedings{Zach:2010:DVR,
	Author = {Christopher Zach and Manfred Klopschitz and Manfred Pollefeys},
	Bibsource = {DBLP, http://dblp.uni-trier.de},
	Booktitle = {Proceedings of IEEE Conference on Computer Vision and Pattern Recognition (CVPR)},
	Ee = {http://dx.doi.org/10.1109/CVPR.2010.5539801},
	Title = {Disambiguating visual relations using loop constraints},
	Year = {2010}}

@article{Zha:2009:GSL,
	Acmid = {1508006},
	Address = {Orlando, FL, USA},
	Author = {Zha, Zheng-Jun and Mei, Tao and Wang, Jingdong and Wang, Zengfu and Hua, Xian-Sheng},
	Doi = {10.1016/j.jvcir.2008.11.009},
	Issn = {1047-3203},
	Issue_Date = {February, 2009},
	Journal = {J. Vis. Comun. Image Represent.},
	Keywords = {Graph-based learning, Multiple labels, Semi-supervised learning, Video concept detection},
	Month = feb,
	Number = {2},
	Numpages = {7},
	Pages = {97--103},
	Publisher = {Academic Press, Inc.},
	Title = {Graph-based semi-supervised learning with multiple labels},
	Url = {http://dx.doi.org/10.1016/j.jvcir.2008.11.009},
	Volume = {20},
	Year = {2009},
	Bdsk-Url-1 = {http://dx.doi.org/10.1016/j.jvcir.2008.11.009}}

@article{Zhang:2008:DDC,
	Author = {Hao Zhang and Alla Sheffer and Daniel Cohen-Or and Quan Zhou and Oliver van Kaick and Andrea Tagliasacchi},
	Bibsource = {DBLP, http://dblp.uni-trier.de},
	Ee = {http://dx.doi.org/10.1111/j.1467-8659.2008.01283.x},
	Journal = {Comput. Graph. Forum},
	Number = {5},
	Pages = {1431-1439},
	Title = {Deformation-Driven Shape Correspondence},
	Volume = {27},
	Year = {2008}}

@article{Zhang:1999:SSS,
	Author = {Zhang, Ruo and Tsai, Ping-Sing and Cryer, James Edwin and Shah, Mubarak},
	Issn = {0162-8828},
	Issue_Date = {August 1999},
	Journal = {IEEE Trans. Pattern Anal. Mach. Intell.},
	Month = aug,
	Number = {8},
	Pages = {690--706},
	Title = {Shape from Shading: A Survey},
	Volume = {21},
	Year = {1999}}

@inproceedings{Zhou:2006:GTS,
	Acmid = {1141942},
	Address = {New York, NY, USA},
	Author = {Zhou, Kun and Huang, Xin and Wang, Xi and Tong, Yiying and Desbrun, Mathieu and Guo, Baining and Shum, Heung-Yeung},
	Booktitle = {ACM SIGGRAPH 2006 Papers},
	Doi = {http://doi.acm.org/10.1145/1179352.1141942},
	Isbn = {1-59593-364-6},
	Keywords = {geometric detail, shell mapping, texture synthesis},
	Location = {Boston, Massachusetts},
	Numpages = {8},
	Pages = {690--697},
	Publisher = {ACM},
	Series = {SIGGRAPH '06},
	Title = {Mesh quilting for geometric texture synthesis},
	Url = {http://doi.acm.org/10.1145/1179352.1141942},
	Year = {2006},
	Bdsk-Url-1 = {http://doi.acm.org/10.1145/1179352.1141942}}

@article{Zhu:2008:RUD,
	Author = {Liangjia Zhu and Zongtan Zhou and Dewen Hu},
	Bibsource = {DBLP, http://dblp.uni-trier.de},
	Ee = {http://doi.ieeecomputersociety.org/10.1109/TPAMI.2007.1163},
	Journal = {IEEE Trans. Pattern Anal. Mach. Intell.},
	Number = {1},
	Pages = {1-13},
	Title = {Globally Consistent Reconstruction of Ripped-Up Documents},
	Volume = {30},
	Year = {2008}}

@article{DBLP:series/synthesis/2009Zhu,
	Author = {Xiaojin Zhu},
	Journal = {Computer Sciences TR 1530, University of Wisconsin Madison},
	Title = {Semi-Supervised Learning Literature Survey},
	Year = {2006}}

@other{3d:warehouse,
	Title = {Trimble 3D Warehouse},
	Url = {http://sketchup.google.com/3dwarehouse/},
	Bdsk-Url-1 = {http://sketchup.google.com/3dwarehouse/}}

@proceedings{DBLP:conf/cvpr/2009,
	Bibsource = {DBLP, http://dblp.uni-trier.de},
	Booktitle = {CVPR},
	Isbn = {978-1-4244-3992-8},
	Publisher = {IEEE},
	Title = {2009 IEEE Computer Society Conference on Computer Vision and Pattern Recognition (CVPR 2009), 20-25 June 2009, Miami, Florida, USA},
	Year = {2009}}

@proceedings{DBLP:conf/sdm/2008,
	Bibsource = {DBLP, http://dblp.uni-trier.de},
	Booktitle = {SDM},
	Publisher = {SIAM},
	Title = {Proceedings of the SIAM International Conference on Data Mining, SDM 2008, April 24-26, 2008, Atlanta, Georgia, USA},
	Year = {2008}}
