%% This BibTeX bibliography file was created using BibDesk.
%% http://bibdesk.sourceforge.net/

%% Created for Vova Kim at 2016-09-16 09:12:29 -0700 


%% Saved with string encoding Unicode (UTF-8) 


@string{cgf = {Computer Graphics Forum}}

@string{cgf_eg = {Computer Graphics Forum}}

@string{cgf_ev = {Computer Graphics Forum}}

@string{cgf_sgp = {Computer Graphics Forum}}

@string{crv = {Proc. Canadian Conf. on Computer and Robot Vision}}

@string{cvpr = {Proc. CVPR}}

@string{eccv = {Proc. ECCV}}

@string{fgr = {Proc. IEEE Conf. Automatic Face and Gesture Recognition}}

@string{i3d = {Proc. I3D}}

@string{icassp = {Proc. Int. Conf. on Acoustics, Speech and Signal Processing}}

@string{iccv = {Proc. ICCV}}

@string{icpr = {Proc. Int. Conf. on Pat. Rec.}}

@string{icra = {Proc. IEEE Int. Conf. on Rob. and Auto.}}

@string{ijcv = {Int. J. Comp. Vis.}}

@string{nips = {Proc. NIPS}}

@string{pami = {IEEE Trans. Pat. Ana. \& Mach. Int.}}

@string{sgp = {Proc. Symp. on Geom. Proc.}}

@string{siggraph = {Proc. of SIGGRAPH}}

@string{smi = {Proc. SMI}}

@string{tkdd = {ACM Trans. Knowl. Disc. from Data}}

@string{tog = {ACM Trans. Graph.}}

@string{tog_sig = {ACM Trans. Graph.}}

@string{tog_siga = {ACM Trans. Graph.}}

@string{tvc = {Visual Computer}}

@string{tvcg = {IEEE Trans. Vis. \& Comp. Graphics}}


@misc{Wikipage,
	Author = {K. Xu and V. Kim and Q. Huang, N. Mitra, and E. Kalogerakis},
	Date-Modified = {2016-09-16 16:12:29 +0000},
	Howpublished = {http://wp.cs.umass.edu/datadrivenshape/},
	Title = {Wikipage: Data-Driven Shape Analysis and Processing},
	Year = {2016}}

@misc{Shapenet,
	Author = {Su, Hao and Savva, Manolis and Yi, Li and Chang, Angel X. and Song, Shuran and Yu, Fisher and Li, Zimo and Xiao, Jianxiong and Huang, Qixing and Savarese, Silvio and Funkhouser, Thomas and Hanrahan, Patrick and Guibas, Leonidas J.},
	Howpublished = {http://shapenet.cs.stanford.edu},
	Title = {Shape{N}et: An Information-Rich 3D Model Repository},
	Year = {2015}}

@misc{amt09,
	Author = {Amazon},
	Howpublished = {http://www.mturk.com},
	Title = {{Mechanical Turk}},
	Year = {2009}}

@article{Averkiou:2015:AD,
	Author = {Melinos Averkiou and Vladimir G. Kim and Niloy J. Mitra},
	Journal = cgf,
	Title = {Autocorrelation Descriptor for Efficient Co-alignment of 3D Shape Collections},
	Year = {2015}}

@article{Li:2015:JE,
	Author = {Yangyan Li and Hao Su and Charles R. Qi and Noa Fish and Daniel Cohen-Or and Leonidas Guibas},
	Journal = tog_siga,
	Title = {Joint Embeddings of Shapes and Images via CNN Image Purification},
	Year = {2015}}

@article{Hueting:2015:CL,
	Author = {Moos Hueting and Maks Ovsjanikov and Niloy J. Mitra},
	Journal = tog_siga,
	Title = {CrossLink: Joint Understanding of Image and 3D Model Collections through Shape and Camera Pose Variations},
	Year = {2015}}

@inproceedings{Su:2015:RfC,
	Author = {Su, Hao and Qi, Charles R. and Li, Yangyan and Guibas, Leonidas J.},
	Booktitle = {The IEEE International Conference on Computer Vision (ICCV)},
	Month = {December},
	Title = {Render for CNN: Viewpoint Estimation in Images Using CNNs Trained with Rendered 3D Model Views},
	Year = {2015}}

@inproceedings{LevyZhang:2011:EGP,
	Author = {Bruno Levy and Hao Zhang},
	Booktitle = {Invited SIGGRAPH Asia Courses},
	Title = {Elements of Geometry Processing},
	Year = {2011}}

@inproceedings{Banko:2001:MPA,
	Author = {Michele Banko and Eric Brill},
	Booktitle = {Proc. Int. Conf. on Human Lang. Tech. Research},
	Pages = {1--5},
	Title = {Mitigating the paucity-of-data problem: exploring the effect of training corpus size on classifier performance for natural language processing},
	Year = {2001}}

@article{Ma:2014:ADS,
	Author = {Chongyang Ma and Haibin Huang and Alla Sheffer and Evangelos Kalogerakis and Rui Wang},
	Journal = CGF_EG,
	Number = 2,
	Pages = {175--184},
	Title = {Analogy-Driven 3D Style Transfer},
	Volume = 33,
	Year = 2014}

@inproceedings{Merrell:2007:EBM,
	Author = {P. Merrell},
	Booktitle = I3D,
	Pages = {105-112},
	Title = {Example-Based Model Synthesis},
	Year = {2007}}

@inproceedings{Wei:2009:EBT,
	Author = {Li-Yi Wei and Sylvain Lefebvre and Vivek Kwatra and Greg Turk},
	Booktitle = {Eurographics State of the Art Report},
	Pages = {93--117},
	Title = {State of the Art in Example-based Texture Synthesis},
	Year = {2009}}

@inproceedings{Schaefer:2007:EBS,
	Author = {S. Schaefer and C. Yuksel},
	Booktitle = SGP,
	Pages = {153--162},
	Title = {Example-Based Skeleton Extraction},
	Year = {2007}}

@article{Bo:2014:LHS,
	Author = {Liefeng Bo and Xiaofeng Ren and Dieter Fox},
	Journal = {International Journal of Robotics Research},
	Pages = {to appear},
	Title = {Learning Hierarchical Sparse Features for {RGB-(D)} Object Recognition},
	Year = {2014}}

@inproceedings{Lai:2013:UFL,
	Author = {Kevin Lai and Liefeng Bo and Dieter Fox},
	Booktitle = ICRA,
	Title = {Unsupervised Feature Learning for 3D Scene Labeling},
	Year = {2013}}

@article{Bengio:2009:LDA,
	Author = {Bengio, Yoshua},
	Journal = {Foundations and Trends in Machine Learning},
	Number = 1,
	Pages = {1--127},
	Title = {Learning Deep Architectures for AI},
	Volume = 2,
	Year = 2009}

@inproceedings{Socher:2012:CRD,
	Author = {Richard Socher and Brody Huval and Bharath Bhat and Christopher D. Manning and Andrew Y. Ng},
	Booktitle = NIPS,
	Pages = {665--673},
	Title = {Convolutional-Recursive Deep Learning for 3D Object Classification},
	Year = {2012}}

@book{Markovsky:2012:LR,
	Author = {I. Markovsky},
	Publisher = {Springer},
	Title = {Low Rank Approximation: Algorithms, Implementation, Applications},
	Year = {2012}}

@article{Zia:2013:DR,
	Author = {M. Zeeshan Zia and Michael Stark and Bernt Schiele and Konrad Schindler},
	Journal = PAMI,
	Number = 11,
	Pages = {2608--2623},
	Title = {Detailed 3D Representations for Object Recognition and Modeling},
	Volume = 35,
	Year = {2013}}

@inproceedings{Blum:2012:LFD,
	Author = {Manuel Blum and Jost Tobias Springenberg and Jan Wulfing and Martin Riedmiller},
	Booktitle = ICRA,
	Pages = {1298--1303},
	Title = {A learned feature descriptor for object recognition in {RGB-D} data},
	Year = {2012}}

@article{Pan:2010:STL,
	Author = {Sinno Jialin Pan and Qiang Yang},
	Journal = {IEEE Trans. Knowl. Data Eng.},
	Number = 10,
	Pages = {1345--1359},
	Title = {A Survey on Transfer Learning},
	Volume = 22,
	Year = {2010}}

@article{Gonen:2011:MKL,
	Author = {Mehmet G\"{o}nen and Ethem Alpaydin},
	Journal = {J. of Mac. Learn. Res.},
	Pages = {2211--2268},
	Title = {Multiple Kernel Learning Algorithms},
	Volume = 12,
	Year = {2011}}

@inproceedings{Ren:2013:HSC,
	Author = {Xiaofeng Ren and Deva Ramanan},
	Booktitle = CVPR,
	Pages = {3246--3253},
	Title = {Histograms of Sparse Codes for Object Detection},
	Year = {2013}}

@article{Kalogerakis:2009:DDC,
	Author = {Evangelos Kalogerakis and Derek Nowrouzezahrai and Patricio Simari and James McCrae and Aaron Hertzmann and Karan Singh},
	Journal = TOG,
	Number = 1,
	Pages = {1--13},
	Title = {Data-driven curvature for real-time line drawing of dynamic scenes},
	Volume = 28,
	Year = {2009}}

@article{Su:2014:EID,
	Author = {Hao Su and Q.-X. Huang and N. J. Mitra and Y. Li and L. J. Guibas},
	Journal = TOG_SIG,
	Number = 4,
	Pages = {37:1--37:11},
	Title = {Estimating Image Depth using Shape Collections},
	Volume = 33,
	Year = {2014}}

@article{Torralba:2008:MTI,
	Author = {A. Torralba and R. Fergus and W. T. Freeman},
	Journal = PAMI,
	Number = {11},
	Pages = {1958--1970},
	Title = {80 Million Tiny Images: a Large Database for Non-Parametric Object and Scene Recognition},
	Volume = {30},
	Year = {2008}}

@inproceedings{Shilane:2004:TPS,
	Author = {Philip Shilane and Patrick Min and Michael Kazhdan and Thomas Funkhouser},
	Booktitle = {Shape Modeling International},
	Title = {The {Princeton} Shape Benchmark},
	Year = {2004}}

@article{Kim:LPT:2013,
	Author = {Vladimir G. Kim and Li, Wilmot and Mitra, Niloy J. and Chaudhuri, Siddhartha and DiVerdi, Stephen and Funkhouser, Thomas},
	Journal = {Transactions on Graphics (Proc. of SIGGRAPH)},
	Number = {4},
	Title = {{Learning Part-based Templates from Large Collections of 3D Shapes}},
	Volume = {32},
	Year = {2013}}

@inproceedings{Campen:PGP:2012,
	Author = {Marcel Campen and Marco Attene and Leif Kobbelt},
	Booktitle = {Eurographics tutorials},
	Title = {{A Practical Guide to Polygon Mesh Repairing}},
	Year = {2012}}

@article{Fei:OSL:2006,
	Author = {Li Fei-Fei and Fergus, R. and Perona, P.},
	Journal = PAMI,
	Number = {4},
	Title = {One-shot learning of object categories},
	Volume = {28},
	Year = {2006}}

@article{Besl92,
	Author = {Besl, Paul J. and McKay, Neil D.},
	Journal = {IEEE Trans. Pattern Anal. Mach. Intell.},
	Number = {2},
	Title = {A Method for Registration of 3-D Shapes},
	Volume = {14},
	Year = {1992}}

@inproceedings{Chang:DGP:2012,
	Author = {Will Chang and Hao Li and Niloy Mitra and Mark Pauly and Michael Wand},
	Booktitle = {Eurographics tutorials},
	Title = {{Dynamic Geometry Processing}},
	Year = {2012}}

@inproceedings{Yu:FLI:2010,
	Author = {Kai Yu and Andrew Ng},
	Booktitle = {ECCV tutorials},
	Title = {Feature Learning for Image Classification},
	Year = {2010}}

@inproceedings{Yumer:CST:2014,
	Author = {Yumer, M. E. and Chun, W. and Makadia, A.},
	Booktitle = cvpr,
	Date-Modified = {2015-09-14 17:28:39 +0000},
	Title = {Co-Segmentation of Textured 3D Shapes with Sparse Annotations},
	Year = {2014}}

@inproceedings{Szegedy:GDC:2015,
	Author = {Szegedy, C. and Liu, W. and Jia, Y. and Sermanet, P. and Reed, S. and Anguelov, D. and Erhan, D. and Vanhoucke, V. and Rabinovich, A.},
	Booktitle = cvpr,
	Title = {Going Deeper with Convolutions},
	Year = {2015}}

@inproceedings{Wu:3SN:2015,
	Author = {Z. Wu and S. Song and A. Khosla and F. Yu and L. Zhang and X. Tang and J. Xiao},
	Booktitle = cvpr,
	Title = {3D ShapeNets: A Deep Representation for Volumetric Shapes},
	Year = {2015}}

@article{Hinton:DBN:2006,
	Author = {G. E. Hinton and S. Osindero and Y.-W. Teh},
	Journal = {Neural Computation},
	Number = {7},
	Pages = {1527--1554},
	Title = {A fast learning algorithm for deep belief nets},
	Volume = {18},
	Year = {2006}}

@inproceedings{Krizhevsky:ICDL:2012,
	Author = {Alex Krizhevsky and Ilya Sutskever and Geoffrey E. Hinton},
	Booktitle = NIPS,
	Title = {Imagenet classification with deep convolutional neural networks},
	Year = {2012}}

@inproceedings{zeiler:vis:2014,
	Author = {Zeiler, Matthew D and Fergus, Rob},
	Booktitle = ECCV,
	Title = {Visualizing and understanding convolutional neural networks},
	Year = {2014}}

@article{Xie:PFL:2015,
	Author = {Zhige Xie and Kai Xu and Wen Shan and Ligang Liu and Yueshan Xiong and Hui Huang},
	Journal = PG,
	Number = {6},
	Pages = {to appear},
	Title = {Projective Feature Learning for 3D Shapes with Multi-View Depth Images},
	Volume = {34},
	Year = {2015}}

@article{hu:icon:2015,
	Author = {Ruizhen Hu and Chenyang Zhu and Oliver van Kaick and Ligang Liu and Ariel Shamir and Hao Zhang},
	Journal = tog_sig,
	Number = {4},
	Pages = {83:1--83:12},
	Title = {Interaction Context (ICON): Towards a Geometric Functionality Descriptor},
	Volume = {34},
	Year = {2015}}

@article{lun:style:2015,
	Author = {Zhaoliang Lun and Evangelos Kalogerakis and Alla Sheffer},
	Journal = tog_sig,
	Number = {4},
	Pages = {84:1--84:14},
	Title = {Elements of Style: Learning Perceptual Shape Style Similarity},
	Volume = {34},
	Year = {2015}}

@article{liu:style:2015,
	Author = {Tianqiang Liu and Aaron Hertzmann and Wilmot Li and Thomas Funkhouser},
	Journal = tog_sig,
	Number = {4},
	Pages = {85:1--85:9},
	Title = {Style Compatibility for 3D Furniture Models},
	Volume = {34},
	Year = {2015}}

@article{Huang:SVR:2015,
	Author = {Qixing Huang and Hai Wang and Vladlen Koltun},
	Issue = {4},
	Journal = tog_sig,
	Pages = {87:1--87:10},
	Title = {Single-View Reconstruction via Joint Analysis of Image and Shape Collections},
	Volume = {34},
	Year = {2015}}

@article{Yumer:2015:SSE,
	Author = {Yumer, M. E. and Chaudhuri, S. and Hodgins, J. K. and Kara, L. B.},
	Date-Modified = {2015-09-14 17:27:25 +0000},
	Issue = {4},
	Journal = tog_sig,
	Title = {Semantic Shape Editing Using Deformation Handles},
	Volume = {34},
	Year = {2015}}

@inproceedings{Su:MCN:2015,
	Author = {Hang Su and Subhransu Maji and Evangelos Kalogerakis and Erik Learned-Miller},
	Booktitle = iccv,
	Title = {Multi-view Convolutional Neural Networks for 3D Shape Recognition},
	Year = 2015}

@article{Valiant:1984:TL,
	Author = {Valiant, L. G.},
	Issue_Date = {Nov. 1984},
	Journal = {Commun. ACM},
	Number = {11},
	Title = {A Theory of the Learnable},
	Volume = {27},
	Year = {1984}}

@book{Fukunaga:1990:ISP,
	Author = {Fukunaga, Keinosuke},
	Publisher = {Academic Press Professional, Inc.},
	Title = {Introduction to Statistical Pattern Recognition},
	Year = {1990}}

@article{Mitchell:1987:DGP,
	Author = {Mitchell, Joseph S. B. and Mount, David M. and Papadimitriou, Christos H.},
	Issue_Date = {Aug. 1987},
	Journal = {SIAM J. Comput.},
	Number = {4},
	Title = {The Discrete Geodesic Problem},
	Volume = {16},
	Year = {1987}}

@book{Solomon:2015:NA,
	Author = {Solomon, Justin},
	Publisher = {AK Peters/CRC Press},
	Title = {Numerical algorithms},
	Year = {2015}}

@book{Nocedal:2006:NO,
	Author = {J. Nocedal and S. J. Wright},
	Publisher = {Springer},
	Title = {Numerical Optimization},
	Year = {2006}}

@article{DOMINGOS:2012:ML,
	Author = {Pedro Domingos},
	Journal = {Communications of the ACM},
	Number = {10},
	Pages = {78--87},
	Title = {A Few Useful Things to Know about Machine Learning},
	Volume = {55},
	Year = {2012}}

@inproceedings{Ng:2004:FSL,
	Author = {Ng, Andrew Y.},
	Booktitle = {ICML},
	Title = {Feature Selection, L1 vs. L2 Regularization, and Rotational Invariance},
	Year = {2004}}

@article{Boscaini:2015:LCS,
	Author = {Davide Boscaini and Jonathan Masci and Simone Melzi and Michael M. Bronstein and Umberto Castellani and Pierre Vandergheynst},
	Journal = cgf_sgp,
	Number = {5},
	Title = {Learning class-specific descriptors for deformable shapes using localized spectral convolutional networks},
	Volume = {34},
	Year = {2015}}
