%% This BibTeX bibliography file was created using BibDesk.
%% http://bibdesk.sourceforge.net/

%% Created for Vova Kim at 2016-09-16 10:04:12 -0700 


%% Saved with string encoding Unicode (UTF-8) 


@string{cgf = {Computer Graphics Forum}}

@string{cgf_eg = {Computer Graphics Forum}}

@string{cgf_ev = {Computer Graphics Forum}}

@string{cgf_sgp = {Computer Graphics Forum}}

@string{crv = {Proc. Canadian Conf. on Computer and Robot Vision}}

@string{cvpr = {Proc. CVPR}}

@string{eccv = {Proc. ECCV}}

@string{fgr = {Proc. IEEE Conf. Automatic Face and Gesture Recognition}}

@string{i3d = {Proc. I3D}}

@string{icassp = {Proc. Int. Conf. on Acoustics, Speech and Signal Processing}}

@string{iccv = {Proc. ICCV}}

@string{icpr = {Proc. Int. Conf. on Pat. Rec.}}

@string{icra = {Proc. IEEE Int. Conf. on Rob. and Auto.}}

@string{ijcv = {Int. J. Comp. Vis.}}

@string{nips = {Proc. NIPS}}

@string{pami = {IEEE Trans. Pat. Ana. \& Mach. Int.}}

@string{sgp = {Proc. Symp. on Geom. Proc.}}

@string{siggraph = {Proc. of SIGGRAPH}}

@string{smi = {Proc. SMI}}

@string{tkdd = {ACM Trans. Knowl. Disc. from Data}}

@string{tog = {ACM Trans. Graph.}}

@string{tog_sig = {ACM Trans. Graph.}}

@string{tog_siga = {ACM Trans. Graph.}}

@string{tvc = {Visual Computer}}

@string{tvcg = {IEEE Trans. Vis. \& Comp. Graphics}}


@article{Su:2016aa,
	Author = {Hao Su and Charles Qi and Matthias Niessner and Angela Dai and Mengyuan Yan and Leonidas Guibas},
	Date-Added = {2016-09-16 17:04:10 +0000},
	Date-Modified = {2016-09-16 17:04:10 +0000},
	Journal = {CVPR},
	Title = {Volumetric and Multi-View CNNs for Object Classification on 3D Data},
	Year = {2016}}

@inproceedings{Ohbuchi:2010:DML,
	Acmid = {1877822},
	Address = {New York, NY, USA},
	Author = {Ohbuchi, Ryutarou and Furuya, Takahiko},
	Booktitle = {Proceedings of the ACM Workshop on 3D Object Retrieval},
	Date-Added = {2015-04-01 05:08:01 +0000},
	Date-Modified = {2015-04-01 05:08:06 +0000},
	Doi = {10.1145/1877808.1877822},
	Isbn = {978-1-4503-0160-2},
	Keywords = {3D geometric modeling, 3D object retrieval, bag-of-features, content-based retrieval, distance metric learning, feature combination, manifold ranking},
	Location = {Firenze, Italy},
	Numpages = {6},
	Pages = {63--68},
	Publisher = {ACM},
	Series = {3DOR '10},
	Title = {Distance Metric Learning and Feature Combination for Shape-based 3D Model Retrieval},
	Url = {http://doi.acm.org/10.1145/1877808.1877822},
	Year = {2010},
	Bdsk-Url-1 = {http://doi.acm.org/10.1145/1877808.1877822},
	Bdsk-Url-2 = {http://dx.doi.org/10.1145/1877808.1877822}}

@article{Li:2014:SHREC,
	Author = {Bo Li and Yijuan Lu and Chunyuan Li and Afzal Godil and Tobias Schreck and Masaki Aono and Qiang Chen and Nihad Karim Chowdhury and Bin Fang and Takahiko Furuya and Henry Johan and Ryuichi Kosaka and Hitoshi Koyanagi and Ryutarou Ohbuchi and Atsushi Tatsuma},
	Date-Added = {2015-04-01 04:55:03 +0000},
	Date-Modified = {2015-04-01 04:55:03 +0000},
	Journal = {Eurographics Workshop on 3D Object Retrieval},
	Pages = {131-140},
	Title = {SHREC' 14 Track: Large Scale Comprehensive 3D Shape Retrieval},
	Year = {2014}}

@article{Li:2012:SHREC,
	Author = {B. Li and A. Godil and M. Aono and X. Bai and T. Furuya and L. Li and R. Lopez-Sastre and H. Johan and R. Ohbuchi and C. Redondo-Cabrera and A. Tatsuma and T. Yanagimachi and S. Zhang},
	Date-Added = {2015-04-01 01:10:28 +0000},
	Date-Modified = {2015-04-01 01:10:28 +0000},
	Journal = {Eurographics Workshop on 3D Object Retrieval},
	Title = {SHREC'12 Track: Generic 3D Shape Retrieval},
	Year = {2012}}

@article{Shilane:2007:drs,
	Author = {Philip Shilane and Thomas Funkhouser},
	Date-Added = {2015-03-31 23:07:03 +0000},
	Date-Modified = {2015-03-31 23:07:18 +0000},
	Journal = tog,
	Number = {2},
	Title = {Distinctive Regions of 3D Surfaces},
	Volume = {26},
	Year = {2007}}

@article{Litman:2014:SLBF,
	Author = {R. Litman and A. M. Bronstein and M. M. Bronstein and U. Castellani},
	Date-Added = {2015-02-08 03:04:59 +0000},
	Date-Modified = {2015-02-08 03:04:59 +0000},
	Journal = {SGP},
	Title = {Supervised learning of bag-of-features shape descriptors using sparse coding},
	Year = {2014}}

@article{Chaudhuri:2013:ACC,
	Author = {Siddhartha Chaudhuri and Evangelos Kalogerakis and Stephen Giguere and and Thomas Funkhouser},
	Date-Added = {2014-09-09 00:49:51 +0000},
	Date-Modified = {2014-09-09 00:49:51 +0000},
	Journal = {UIST},
	Title = {{AttribIt}: Content Creation with Semantic Attributes},
	Year = {2013}}

@incollection{Frome:2004:rord,
	Author = {Frome, Andrea and Huber, Daniel and Kolluri, Ravi and Bulow, Thomas and Malik, Jitendra},
	Booktitle = ECCV,
	Pages = {224-237},
	Title = {Recognizing Objects in Range Data Using Regional Point Descriptors},
	Year = {2004}}

@inproceedings{Sun:2009:CPI,
	Author = {Sun, Jian and Ovsjanikov, Maks and Guibas, Leonidas},
	Booktitle = CGF_SGP,
	Numpages = {10},
	Pages = {1383--1392},
	Title = {A Concise and Provably Informative Multi-scale Signature Based on Heat Diffusion},
	Year = {2009}}

@article{Sundar:2004:sksm,
	Author = {Sundar, H. and Silver, D. and Gagvanim N. and Dickenson, S.},
	Date-Added = {2014-09-08 21:48:33 +0000},
	Date-Modified = {2014-09-08 21:48:33 +0000},
	Journal = {shape modeling international},
	Pages = {130--139},
	Title = {Skeleton based shape matching and retrieval},
	Year = {2004}}

@article{Chen:2003:ovsb,
	Author = {Ding-Yun Chen and Xiao-Pei Tian and Yu-Te Shen and Ming Ouhyoung},
	Date-Added = {2014-09-08 14:49:57 +0000},
	Date-Modified = {2014-09-08 14:49:57 +0000},
	Journal = CGF_EG,
	Number = {3},
	Pages = {223-232},
	Title = {On Visual Similarity Based {3D} Model Retrieval},
	Volume = {22},
	Year = {2003}}

@article{Novotni:2003:3DZD,
	Author = {Novotni, M. and Klein, R.},
	Date-Added = {2014-09-08 14:45:09 +0000},
	Date-Modified = {2014-09-08 14:45:09 +0000},
	Journal = {solid modeling},
	Title = {3D zernike descriptors for content based shape retrieval},
	Year = {2003}}

@inproceedings{Saupe:2001:MRS,
	Author = {Saupe, Dietmar and Vranic, Dejan V.},
	Booktitle = {Proceedings of the 23rd DAGM-Symposium on Pattern Recognition},
	Pages = {392--397},
	Title = {3D Model Retrieval with Spherical Harmonics and Moments},
	Year = {2001}}

@inproceedings{Ankerst:1999:3dsh,
	Author = {Mihael Ankerst and Gabi Kastenm{\"u}ller and Hans-Peter Kriegel and Thomas Seidl},
	Booktitle = {SSD'99},
	Date-Added = {2014-09-08 06:30:26 +0000},
	Date-Modified = {2014-09-08 06:30:45 +0000},
	Pages = {207--226},
	Publisher = {Springer},
	Title = {{3D shape histograms for similarity search and classification in spatial databases}},
	Year = {1999}}

@article{Podolak:2006:PRST,
	Author = {Joshua Podolak and Philip Shilane and Aleksey Golovinskiy and Szymon Rusinkiewicz and and Thomas Funkhouser},
	Date-Added = {2014-09-08 05:55:11 +0000},
	Date-Modified = {2014-09-08 05:55:11 +0000},
	Journal = TOG_SIG,
	Number = {3},
	Title = {A Planar-Reflective Symmetry Transform for 3D Shapes},
	Volume = {25},
	Year = {2006}}

@book{Duda:2000:PC,
	Author = {Duda, Richard O. and Hart, Peter E. and Stork, David G.},
	Date-Added = {2014-09-08 05:38:04 +0000},
	Date-Modified = {2014-09-08 05:38:11 +0000},
	Isbn = {0471056693},
	Publisher = {Wiley-Interscience},
	Title = {Pattern Classification (2Nd Edition)},
	Year = {2000}}

@article{Horn:1988:cfs,
	Author = {Berthold K. P. Horn and H. Hilden and S. Negahdaripour},
	Date-Added = {2014-09-08 05:14:00 +0000},
	Date-Modified = {2014-09-08 05:15:09 +0000},
	Journal = {Journal of the Optical Society},
	Pages = {1127-1135},
	Title = {Closed-form solutions of absolute orientation using orthonormal matrices},
	Volume = {5},
	Year = {1988}}

@article{Horn:1987:cfs,
	Author = {Berthold K. P. Horn},
	Date-Added = {2014-09-08 05:11:07 +0000},
	Date-Modified = {2014-09-08 05:11:18 +0000},
	Journal = {Journal of the Optical Society of America A},
	Number = {4},
	Pages = {629--642},
	Title = {Closed-form solution of absolute orientation using unit quaternions},
	Volume = {4},
	Year = {1987}}

@article{Horn:1984:EGI,
	Author = {Horn, B. K P},
	Date-Added = {2014-09-08 03:45:09 +0000},
	Date-Modified = {2014-09-08 03:45:22 +0000},
	Doi = {10.1109/PROC.1984.13073},
	Issn = {0018-9219},
	Journal = {Proceedings of the IEEE},
	Keywords = {Artificial intelligence;Image sampling;Image sensors;Interpolation;Machine vision;Needles;Photometry;Position measurement;Shape;Solid modeling},
	Number = {12},
	Pages = {1671-1686},
	Title = {{Extended Gaussian Images}},
	Volume = {72},
	Year = {1984},
	Bdsk-Url-1 = {http://dx.doi.org/10.1109/PROC.1984.13073}}

@article{Chaudhuri:2011:prabm,
	Author = {Chaudhuri, Siddhartha and Kalogerakis, Evangelos and Guibas, Leonidas and Koltun, Vladlen},
	Journal = TOG_SIG,
	Number = {4},
	Pages = {35:1--35:10},
	Title = {Probabilistic reasoning for assembly-based 3D modeling},
	Volume = {30},
	Year = {2011}}

@misc{warehouse,
	Author = {Trimble},
	Date-Added = {2014-09-05 21:50:58 +0000},
	Date-Modified = {2014-09-05 21:51:09 +0000},
	Howpublished = {http://sketchup.google.com/{3D}warehouse/},
	Title = {Trimble {{3D}} Warehouse},
	Year = {2014}}

@phdthesis{Johnson:1997:siar,
	Address = {Pittsburgh, PA},
	Author = {Andrew Johnson},
	Date-Added = {2014-09-05 19:19:12 +0000},
	Date-Modified = {2014-09-05 19:19:25 +0000},
	Number = {CMU-RI-TR-97-47},
	School = {Robotics Institute, Carnegie Mellon University},
	Title = {Spin-Images: A Representation for 3-D Surface Matching},
	Year = {1997}}

@article{Barutcuoglu:2006:hscu,
	Author = {Zafer Barutcuoglu and Christopher DeCoro},
	Date-Added = {2014-09-05 19:17:18 +0000},
	Date-Modified = {2014-09-05 19:17:18 +0000},
	Journal = {Shape Modeling International},
	Title = {Hierarchical Shape Classification Using Bayesian Aggregation},
	Year = {2006}}

@inproceedings{Funkhouser:2006:pm3d,
	Author = {Thomas Funkhouser and Philip Shilane},
	Booktitle = SGP,
	Title = {Partial Matching of 3D Shapes with Priority-Driven Search},
	Year = {2006}}

@inproceedings{Lee:2008:sbsc,
	Author = {Jeehyung Lee and Thomas Funkhouser},
	Booktitle = {Proc. SBIM},
	Date-Added = {2014-09-05 19:15:43 +0000},
	Date-Modified = {2014-09-05 19:15:43 +0000},
	Title = {Sketch-Based Search and Composition of 3D Models},
	Year = {2008}}

@article{Kazhdan:2004:SD3D,
	Author = {M. Kazhdan and T. Funkhouser and S. Rusinkiewicz},
	Date-Added = {2014-09-05 19:05:53 +0000},
	Date-Modified = {2014-09-05 19:05:53 +0000},
	Journal = SGP,
	Title = {Symmetry Descriptors and 3D Shape Matching},
	Year = {2004}}

@article{Kazhdan:2003:ARSD,
	Author = {M. Kazhdan and B. Chazelle and D. Dobkin and T. Funkhouser and S. Rusinkiewicz},
	Date-Added = {2014-09-05 19:05:05 +0000},
	Date-Modified = {2014-09-05 19:05:05 +0000},
	Journal = {Algorithmica},
	Number = {1},
	Title = {A Reflective Symmetry Descriptor for 3D Models},
	Volume = {38},
	Year = {2003}}

@inproceedings{Golovinskiy:2009:SBR3D,
	Author = {Aleksey Golovinskiy and Vladimir G. Kim and Thomas Funkhouser},
	Booktitle = ICCV,
	Date-Added = {2014-09-05 19:01:55 +0000},
	Date-Modified = {2014-09-05 19:02:07 +0000},
	Title = {{Shape-based Recognition of 3D Point Clouds in Urban Environments}},
	Year = {2009}}

@article{Kazhdan:2003:RISH,
	Author = {M. Kazhdan and T. Funkhouser and S. Rusinkiewicz},
	Date-Added = {2014-09-05 19:01:53 +0000},
	Date-Modified = {2014-09-05 19:01:53 +0000},
	Journal = SGP,
	Title = {Rotation Invariant Spherical Harmonic Representation of 3D Shape Descriptors},
	Year = {2003}}

@article{Bronstein:2011:SGGW,
	Author = {A. M. Bronstein and M. M. Bronstein and M. Ovsjanikov and L. J. Guibas},
	Date-Added = {2014-09-05 18:56:46 +0000},
	Date-Modified = {2014-09-05 18:56:46 +0000},
	Journal = {ACM Trans. Graphics},
	Number = {1},
	Pages = {1-20},
	Title = {Shape Google: geometric words and expressions for invariant shape retrieval},
	Volume = {30},
	Year = {2011}}

@article{Bronstein:2011:srsd,
	Author = {M. M. Bronstein and A. M. Bronstein},
	Date-Added = {2014-09-05 18:55:23 +0000},
	Date-Modified = {2014-09-05 18:55:23 +0000},
	Journal = {IEEE Trans. Pattern Analysis and Machine Intelligence (PAMI)},
	Number = {5},
	Pages = {1065-1071},
	Title = {Shape recognition with spectral distances},
	Volume = {33},
	Year = {2011}}

@inproceedings{Xiang:2014:BPA,
	Author = {Yu Xiang and Roozbeh Mottaghi and Silvio Savarese},
	Booktitle = {IEEE Winter Conference on Applications of Computer Vision (WACV)},
	Date-Added = {2014-09-05 18:32:55 +0000},
	Date-Modified = {2014-09-05 18:34:09 +0000},
	Title = {Beyond PASCAL: A Benchmark for 3D Object Detection in the Wild},
	Year = {2014}}

@inproceedings{Held:2014:cc3s,
	Author = {David Held and Jesse Levinson and Sebastian Thrun and Silvio Savarese},
	Booktitle = {RSS},
	Date-Added = {2014-09-05 18:31:25 +0000},
	Date-Modified = {2014-09-05 18:31:37 +0000},
	Title = {Combining 3D Shape, Color, and Motion for Robust Anytime Tracking},
	Year = {2014}}

@inproceedings{Xiang:2014:mmot,
	Author = {Yu Xiang and Changkyu Song and Roozbeh Mottaghi and Silvio Savarese},
	Booktitle = {European Conference on Computer Vision (ECCV)},
	Date-Added = {2014-09-05 18:30:45 +0000},
	Date-Modified = {2014-09-05 18:31:00 +0000},
	Title = {Monocular Multiview Object Tracking with 3D Aspect Parts},
	Year = {2014}}

@article{Xu:2013:SSC,
	Author = {Kun Xu and Kang Chen and Hongbo Fu and Wei-Lun Sun and Shi-Min Hu},
	Date-Added = {2014-09-05 18:15:02 +0000},
	Date-Modified = {2014-09-05 18:15:21 +0000},
	Journal = TOG_SIG,
	Number = {4},
	Pages = {123:1--123:12},
	Title = {Sketch2Scene: Sketch-based Co-retrieval and Co-placement of 3D Models},
	Volume = {32},
	Year = {2013}}

@article{Eitz:2012:sbsr,
	Author = {Eitz, Mathias and Richter, Ronald and Boubekeur, Tamy and Hildebrand, Kristian and Alexa, Marc},
	Date-Added = {2014-09-05 17:51:42 +0000},
	Date-Modified = {2014-09-05 17:51:50 +0000},
	Journal = TOG_SIG,
	Number = {4},
	Pages = {31:1--31:10},
	Title = {Sketch-Based Shape Retrieval},
	Volume = {31},
	Year = {2012}}

@inproceedings{Min:2004:ACO,
	Author = {Patrick Min and Michael Kazhdan and Thomas Funkhouser},
	Booktitle = {European Conference on Digital Libraries},
	Date-Added = {2014-09-05 17:13:43 +0000},
	Date-Modified = {2014-09-05 17:13:43 +0000},
	Title = {A Comparison of Text and Shape Matching for Retrieval of Online {3D} Models},
	Year = {2004}}

@article{Funkhouser:2003:ASE,
	Author = {Thomas Funkhouser and Patrick Min and Michael Kazhdan and Joyce Chen and Alex Halderman and David Dobkin and David Jacobs},
	Date-Added = {2014-09-05 17:12:40 +0000},
	Date-Modified = {2014-09-05 17:12:40 +0000},
	Journal = TOG,
	Number = {1},
	Pages = {83--105},
	Title = {A Search Engine for {3D} Models},
	Volume = {22},
	Year = {2003}}

@inproceedings{Min:2003:EEW,
	Author = {Patrick Min and Alex Halderman and Michael Kazhdan and Thomas Funkhouser},
	Booktitle = {Web3D Symposium},
	Date-Added = {2014-09-05 17:12:07 +0000},
	Date-Modified = {2014-09-05 17:12:07 +0000},
	Title = {Early Experiences with a {3D} Model Search Engine},
	Year = {2003}}

@article{Tangelder:2008:ASC,
	Author = {Tangelder, Johan W.H. and Veltkamp, Remco C.},
	Date = {2008 %@ 1380-7501},
	Date-Added = {2014-09-04 23:54:02 +0000},
	Date-Modified = {2014-09-05 17:14:39 +0000},
	Date1 = {2008-09-01},
	G = {English},
	Journal = {Multimedia Tools and Applications},
	Keywords = {3D shape retrieval; 3D shape matching; Dissimilarity measures; Meshes; Volume models},
	Number = {3},
	Pages = {441-471},
	Publisher = {Springer US},
	Title = {A survey of content based 3D shape retrieval methods},
	Type = {10.1007/s11042-007-0181-0},
	Url = {http://dx.doi.org/10.1007/s11042-007-0181-0},
	Volume = {39},
	Year = {2008},
	Bdsk-Url-1 = {http://dx.doi.org/10.1007/s11042-007-0181-0}}
