%% This BibTeX bibliography file was created using BibDesk.
%% http://bibdesk.sourceforge.net/


%% Created for Vladimir Kim at 2014-09-17 13:34:46 -0700


%% Saved with string encoding Unicode (UTF-8)


@string{cgf = {Computer Graphics Forum}}

@string{cgf_eg = {Computer Graphics Forum}}

@string{cgf_ev = {Computer Graphics Forum}}

@string{cgf_sgp = {Computer Graphics Forum}}

@string{crv = {Proc. Canadian Conf. on Computer and Robot Vision}}

@string{cvpr = {Proc. CVPR}}

@string{eccv = {Proc. ECCV}}

@string{fgr = {Proc. IEEE Conf. Automatic Face and Gesture Recognition}}

@string{i3d = {Proc. I3D}}

@string{icassp = {Proc. Int. Conf. on Acoustics, Speech and Signal Processing}}

@string{iccv = {Proc. ICCV}}

@string{icpr = {Proc. Int. Conf. on Pat. Rec.}}

@string{icra = {Proc. IEEE Int. Conf. on Rob. and Auto.}}

@string{ijcv = {Int. J. Comp. Vis.}}

@string{nips = {Proc. NIPS}}

@string{pami = {IEEE Trans. Pat. Ana. \& Mach. Int.}}

@string{sgp = {Proc. Symp. on Geom. Proc.}}

@string{siggraph = {Proc. of SIGGRAPH}}

@string{smi = {Proc. SMI}}

@string{tkdd = {ACM Trans. Knowl. Disc. from Data}}

@string{tog = {ACM Trans. Graph.}}

@string{tog_sig = {ACM Trans. Graph.}}

@string{tog_siga = {ACM Trans. Graph.}}

@string{tvc = {Visual Computer}}

@string{tvcg = {IEEE Trans. Vis. \& Comp. Graphics}}


@article{Shapira:2010:CPA,
	Author = {Lior Shapira and Shy Shalom and Ariel Shamir and Richard H. Zhang and Daniel Cohen-Or},
	Journal = {International Journal of Computer Vision},
	Title = {Contextual {P}art {A}nalogies in {3D} {O}bjects},
    Pages = {309--315},
    Volume = {89},
    Number = {2},
	Year = {2010}
}

@article{Golovinskiy:2009:CSM,
	Author = {Aleksey Golovinskiy and Thomas Funkhouser},
	Journal = {Proc.~SMI},
	Number = {3},
	Title = {{C}onsistent {S}egmentation of {3D} {M}odels},
	Volume = {33},
	Year = {2009}
}

@inproceedings{Lafferty:2001:CRF,
	Author = {Lafferty, John D. and McCallum, Andrew and Pereira, Fernando C. N.},
	Booktitle = ICML,
	Pages = {282--289},
	Title = {Conditional Random Fields: Probabilistic Models for Segmenting and Labeling Sequence Data},
	Year = {2001}}

@inproceedings{Anguelov:2005:DLM,
	Author = {Dragomir Anguelov and Ben Taskar and Vassil Chatalbashev and Daphne Koller and Dinkar Gupta and Geremy Heitz and Andrew Ng},
	Booktitle = CVPR,
	Title = {Discriminative Learning of Markov Random Fields for Segmentation of {3D} Scan Data},
	Year = {2005}}

@inproceedings{Shotton:2011:RLH,
	Author = {Shotton, J. and Fitzgibbon, A. and Cook, M. and Sharp, T. and Finocchio, M. and Moore, R. and Kipman, A. and Blake, A.},
	Booktitle = CVPR,
	Title = {Real-time Human Pose Recognition in Parts from Single Depth Images},
	Year = {2011}}

@article{Hu:2012:CSS,
	Author = {Hu, Ruizhen and Fan, Lubin and Liu, Ligang},
	Date-Modified = {2014-09-17 20:34:46 +0000},
	Journal = cgf,
	Number = {5},
	Title = {Co-Segmentation of 3D Shapes via Subspace Clustering},
	Volume = {31},
	Year = {2012}}

@article{Zhang:2005:FSP,
	Author = {Eugene Zhang and Konstantin Mischaikow and Greg Turk},
	Journal = {ACM Trans. Graph.},
	Number = {1},
	Title = {{F}eature-based {S}urface {P}arameterization and {T}exture {M}apping},
	Volume = {24},
	Year = {2005}}

@article{Belongie:2002:SMO,
	Author = {S. Belongie and J. Malik and J. Puzicha},
	Journal = {IEEE Trans. Pattern Anal. Mach. Intell.},
	Number = {4},
	Title = {{S}hape {M}atching and {O}bject {R}ecognition {U}sing {S}hape {C}ontexts},
	Volume = {24},
	Year = {2002}}

@article{Johnson:1999:D,
	Author = {Andrew Johnson and Martial Hebert},
	Journal = PAMI,
	Number = {5},
	Pages = {433-449},
	Title = {{U}sing {S}pin {I}mages for {E}fficient {O}bject {R}ecognition in {C}luttered {3D} {S}cenes},
	Volume = {21},
	Year = {1999}}

@inproceedings{Kokkinos:2012:ISC,
	Author = {Iasonas Kokkinos and Michael Bronstein and Roee Litman and Alex Bronstein},
	Booktitle = CVPR,
	Date-Modified = {2014-09-17 15:18:05 +0000},
	Title = {Intrinsic Shape Context Descriptors for Deformable Shapes},
	Year = {2012}}

@book{Fossati:2013:CDC,
	Author = {A. Fossati and J. Gall and H. Grabner and X. Ren and K. Konolige},
	Date-Modified = {2014-09-17 15:18:31 +0000},
	Publisher = {Springer},
	Title = {Consumer Depth Cameras for Computer Vision, Chapter 12},
	Year = {2013}}

@book{Koller:2009:PGM,
	Author = {Daphne Koller and Nir Friedman},
	Date-Modified = {2014-09-17 15:19:46 +0000},
	Publisher = {MIT Press},
	Title = {Probabilistic Graphical Models: Principles and Techniques},
	Year = {2009}}

@inproceedings{Sutton:2005:PTU,
	Author = {Charles Sutton and Andrew Mccallum},
	Booktitle = {Proc. of UAI},
	Title = {Piecewise training of undirected models},
	Year = {2005}}

@article{Torralba:2007:SVF,
	Author = {Antonio Torralba and Kevin P. Murphy and William T. Freeman},
	Journal = {IEEE Trans. Pattern Anal. Mach. Intell.},
	Number = {5},
	Title = {{S}haring {V}isual {F}eatures for {M}ulticlass and {M}ultiview {O}bject {D}etection},
	Volume = {29},
	Year = {2007}}

@article{Zhige:2014:SSL,
	Author = {Xie, Zhige and Xu, Kai and Liu, Ligang and Xiong, Yueshan},
	Journal = {Computer Graphics Forum},
	Number = {5},
	Title = {3D Shape Segmentation and Labeling via Extreme Learning Machine},
	Volume = {33},
	Year = {2014}}

@book{Bishop:2006:PRA,
	Author = {Christopher M. Bishop},
	Publisher = {Springer},
	Title = {Pattern Recognition and Machine Learning},
	Year = {2006}}

@book{Manning:2008:IIR,
	Address = {New York, NY, USA},
	Author = {Manning, Christopher D. and Raghavan, Prabhakar and Sch\"{u}tze, Hinrich},
	Publisher = {Cambridge University Press},
	Title = {Introduction to Information Retrieval},
	Year = {2008}}

@article{Benhabiles:2011:LBE,
	Author = {Halim Benhabiles and Guillaume Lavou{\'e} and Jean-Philippe Vandeborre and Mohamed Daoudi},
	Journal = {Computer Graphics Forum},
	Number = {8},
	Title = {Learning Boundary Edges for 3D-Mesh Segmentation},
	Volume = {30},
	Year = {2011}}

@article{Chen:2009:BMS,
	Author = {Xiaobai Chen and Aleksey Golovinskiy and Thomas Funkhouser},
	Journal = TOG_SIG,
	Number = {3},
	Pages = {73:1--73:12},
	Title = {A Benchmark for {3D} Mesh Segmentation},
	Volume = {28},
	Year = {2009}}

@article{Kass:1988:SAC,
	Author = {Michael Kass and Andrew Witkin and Demetri Terzopoulos},
	Journal = {INTERNATIONAL JOURNAL OF COMPUTER VISION},
	Number = {4},
	Pages = {321--331},
	Title = {Snakes: Active contour models},
	Volume = {1},
	Year = {1988}}

@article{Xu:2014:TSS,
	Author = {Xu, Weiwei and Shi, Zhouxu and Xu, Mingliang and Zhou, Kun and Wang, Jingdong and Zhou, Bin and Wang, Jinrong and Yuan, Zhenming},
	Date-Modified = {2014-09-17 20:33:59 +0000},
	Journal = {Comp. Graph. F.},
	Number = {5},
	Title = {Transductive 3D Shape Segmentation using Sparse Reconstruction},
	Volume = {33},
	Year = {2014}}

@article{Laga:2013:GCS,
	Author = {Hamid Laga and Michela Mortara and Michela Spagnuolo},
	Issue_Date = {September 2013},
	Journal = {ACM Trans. Graph.},
	Number = {5},
	Title = {Geometry and Context for Semantic Correspondences and Functionality Recognition in Man-made 3D Shapes},
	Volume = {32},
	Year = {2013}}

@article{Lv:2012:SMS,
	Author = {Lv, Jiajun and Chen, Xinlei and Huang, Jin and Bao, Hujun},
	Issue_Date = {September 2012},
	Journal = {Comp. Graph. Forum},
	Number = {7-2},
	Title = {Semi-supervised Mesh Segmentation and Labeling},
	Volume = {31},
	Year = {2012}}

@inproceedings{Jiao:2006:SCR,
	Author = {Jiao, Feng and Wang, Shaojun and Lee, Chi-Hoon and Greiner, Russell and Schuurmans, Dale},
	Booktitle = {21st International Conference on Computational Linguistics},
	Date-Modified = {2014-09-17 15:21:48 +0000},
	Numpages = {8},
	Title = {Semi-supervised Conditional Random Fields for Improved Sequence Segmentation and Labeling},
	Year = {2006}}

@article{Wang:2013:PAS,
	Author = {Wang, Yunhai and Gong, Minglun and Wang, Tianhua and Cohen-Or, Daniel and Zhang, Hao and Chen, Baoquan},
	Journal = TOG_SIGA,
	Number = {6},
	Pages = {192:1--192:12},
	Title = {Projective Analysis for 3D Shape Segmentation},
	Volume = {32},
	Year = {2013}}

@inproceedings{Kalogerakis:2007:RSE,
	Author = {Evangelos Kalogerakis and Patricio Simari and Derek Nowrouzezahrai and Karan Singh},
	Booktitle = SGP,
	Title = {Robust statistical estimation of curvature on discretized surfaces},
	Year = {2007}}

@article{Yumer:ASC:2012,
	Author = {Mehmet Ersin Yumer and Levent Burak Kara},
	Issue = {6},
	Journal = TOG_SIGA,
	Title = {Co-Abstraction of Shape Collections},
	Volume = {31},
	Year = {2012}}

@inproceedings{Coyne:2001:WAT,
	Author = {Coyne, Bob and Sproat, Richard},
	Booktitle = SIGGRAPH,
	Title = {WordsEye: An Automatic Text-to-scene Conversion System},
	Year = {2001}}

@article{Kim14,
	Author = {Vladimir G. Kim and Siddhartha Chaudhuri and Leonidas Guibas and Thomas Funkhouser},
	Journal = TOG_SIG,
	Number = {4},
	Title = {{Shape2Pose: Human-Centric Shape Analysis}},
	Volume = {33},
	Year = {2014}}

@article{Schulz:2014:DFE,
	Author = {Schulz, Adriana and Shamir, Ariel and Levin, David I. W. and Sitthi-amorn, Pitchaya and Matusik, Wojciech},
	Journal = {ACM Trans. Graph.},
	Number = {4},
	Title = {Design and Fabrication by Example},
	Volume = {33},
	Year = {2014}}

@article{Chen:2012:SPO,
	Author = {Xiaobai Chen and Abulhair Saparov and Bill Pang and Thomas Funkhouser},
	Journal = TOG_SIG,
	Title = {Schelling Points on {3D} Surface Meshes},
	Year = {2012}}

@article{Cole:2008:WDP,
	Author = {Forrester Cole and Aleksey Golovinskiy and Alex Limpaecher and Heather Stoddart Barros and Adam Finkelstein and Thomas Funkhouser and Szymon Rusinkiewicz},
	Journal = TOG_SIG,
	Title = {Where Do People Draw Lines?},
	Year = {2008}}

@article{Kalogerakis:2012:LHP,
	Author = {Evangelos Kalogerakis and Derek Nowrouzezahrai and Simon Breslav and Aaron Hertzmann},
	Journal = TOG,
	Number = {1},
	Title = {Learning {H}atching for {P}en-and-{I}nk {I}llustration of {S}urfaces},
	Volume = {31},
	Year = {2012}}

@article{Secord:2011:PMO,
	Author = {Adrian Secord and Jingwan Lu and Adam Finkelstein and Manish Singh and Andrew Nealen},
	Journal = TOG,
	Number = {5},
	Title = {Perceptual models of viewpoint preference},
	Volume = {30},
	Year = {2011}}
